1783 2455
886 200 938 237 16

228 315 353 339 rursus
372 301 420 337 ad
440 300 521 336 illos
539 298 713 341 refertur,
737 297 802 345 qui
826 298 1058 344 »singulares
1077 297 1293 345 rhapsodias
1312 307 1590 344 connecterent,

228 367 309 401 sive
327 375 408 407 eas,
428 373 522 408 quae
542 359 587 393 ab
605 360 694 405 ipsis
712 357 924 391 auctoribus
944 358 991 392 ad
1014 359 1170 392 eandem
1187 359 1344 393 formam
1361 362 1592 406 compositae

230 434 354 464 erant,
382 433 458 458 uno
478 418 666 456 volumine
688 416 1070 464 complecterentur«,
1097 426 1209 466 atque
1235 418 1331 454 adeo
1349 418 1593 456 succederent

229 490 270 522 in
287 486 366 520 illas
382 482 570 530 primarias
591 487 726 526 partes.
773 477 855 513 Nec
877 491 964 513 vero
989 479 1080 514 alios
1107 478 1365 520 διασκευαστας,
1400 491 1507 526 quam
1527 482 1593 527 qui

231 546 363 593 prioris
384 542 523 577 ordinis
542 538 753 584 eodemque
770 549 851 571 cum
869 538 1107 573 Pisistratidis
1135 539 1219 573 loco
1244 548 1386 582 essent,
1408 539 1592 585 placuisse

230 605 396 643 videmus
424 600 569 635 duobus
597 597 802 632 clarissimis
826 597 1149 645 suffragatoribus,
1176 611 1195 633 a
1219 598 1351 646 quibus
1369 611 1447 633 non
1466 598 1593 634 eblan-

233 666 324 707 dita,
350 673 390 697 ut
407 661 468 696 ille
484 663 554 702 ait,
581 658 648 693 sed
671 657 866 693 enucleata
886 659 1059 711 suffragia
1078 661 1281 706 exspectari
1299 658 1434 694 solent.
1478 659 1594 705 Igitur
1636 673 1638 675 ·
1657 673 1659 675 ·

230 723 476 761 Schneiderus
494 722 549 766 (in
564 717 731 766 Epistola
748 721 948 765 praemissa
963 720 1171 766 Argonaut.
1186 719 1341 766 Orphic.
1355 732 1392 767 p.
1405 719 1592 763 XXXIV.)

230 788 301 822 hoc
314 792 447 832 aperte
459 780 589 817 tribuit
602 781 872 820 διασκευασταΐς,
892 779 995 827 quod
1011 780 1107 815 binis
1124 782 1163 815 in
1179 779 1271 815 locis
1281 770 1477 836 O'dys'seae
1493 791 1594 814 com-

230 849 406 883 missurae
423 842 517 878 male
532 841 652 876 factae
666 842 820 887 vestigia
836 840 907 875 sibi
928 840 1075 876 licuerit
1091 847 1294 888 agnoscere
1309 852 1320 886 ;
1350 839 1593 875 Godofredus

233 917 355 943 autem
365 905 616 944 Hermannus,
637 900 862 934 emendandi
880 910 981 935 recte
991 901 1162 948 Hymnos
1173 901 1392 935 Homericos
1410 902 1595 934 rationem

230 967 463 1015 praecipiens
477 965 516 997 in
533 962 679 1008 egregia
694 959 861 1007 Epistola
882 960 929 994 ad
949 960 1132 1007 Ilgenum,
1157 973 1246 995 suae
1258 961 1494 1007 Hymnorum
1504 959 1594 994 Edi-

228 1028 324 1062 tioni
345 1024 522 1071 praefixa,
549 1033 736 1068 peraeque
752 1020 928 1054 describit
945 1020 1211 1063 diasceuastas,
1239 1029 1417 1067 tanquam
1433 1032 1595 1054 connec-

230 1087 373 1129 tendis,
399 1082 495 1131 quae
515 1082 699 1116 disiuncta
720 1089 861 1122 essent,
886 1082 1068 1126 poematis
1091 1080 1189 1114 haud
1215 1080 1595 1126 simplicem-operam.

229 1148 433 1182 Facientes:
457 1155 495 1190 p.
509 1142 572 1176 lX.
598 1140 751 1175 Confer.
766 1141 876 1190 etiam
891 1139 1127 1186 Boettigerus
1142 1141 1181 1174 in
1205 1140 1357 1175 Grisclz.
1376 1140 1595 1186 Vasengem.

230 1208 264 1253 I,
279 1219 312 1254 3.
324 1218 361 1255 p.
371 1216 454 1251 209.
470 1211 550 1239 not.
575 1200 701 1249 Quid?
715 1199 817 1248 quod
835 1199 924 1234 alius
943 1200 1156 1247 quisquam,
1171 1201 1240 1236 etsi
1253 1209 1422 1236 strenuus
1438 1202 1597 1236 sanioris

231 1268 409 1302 historiae
430 1272 668 1308 oppugnator
688 1271 728 1296 et
751 1261 870 1294 omnis
893 1263 1104 1294 sententiae
1127 1261 1175 1293 de
1189 1261 1358 1294 Homero
1382 1255 1596 1296 literis-non

232 1327 345 1361 beato
360 1321 610 1359 adversarius,
634 1326 761 1352 tamen
779 1317 930 1350 minime
948 1315 1147 1361 dubitavit,
1173 1317 1288 1361 illam,
1313 1328 1354 1354 ut
1376 1331 1453 1354 rem
1470 1323 1613 1359 certis-,

232 1388 378 1426 simam,
401 1393 444 1415 ac
459 1380 611 1414 maxima
628 1388 709 1411 cum
727 1375 860 1410 fiducia
878 1387 1028 1410 narrare
1043 1375 1272 1420 διασκεύκσιν,
1292 1380 1487 1426 ipsumque
1503 1381 1598 1415 Pisi..

232 1452 384 1482 stratum
399 1448 530 1488 putare
548 1433 814 1475 διασκευάσαντα
828 1435 1024 1480 Carmina,
1044 1449 1123 1471 non
1136 1438 1364 1485 intelligens,
1382 1440 1422 1473 id
1439 1441 1469 1474 si
1482 1440 1597 1475 semel
1610 1427 1628 1436 '¹
1673 1431 1685 1442 ’

232 1505 440 1554 posuisset,
474 1498 604 1534 labore
630 1495 796 1547 quodam
826 1496 971 1543 ingenti
995 1496 1157 1532 discussa
1182 1497 1353 1532 Carmina
1377 1511 1420 1534 ac
1448 1500 1600 1536 turbata·

232 1569 366 1602 iterum
389 1558 593 1596 reficienda
609 1556 742 1601 fuisse,
765 1558 995 1592 nescientem
1012 1569 1053 1592 se
1071 1570 1136 1593 sua
1160 1559 1274 1605 ipsius
1291 1560 1414 1594 vineta
1438 1560 1598 1596 caedere

233 1627 464 1675 plerumq-ue.
522 1619 620 1655 Vide
642 1614 805 1664 Hugium
832 1618 872 1652 in
895 1617 1016 1652 libro:
1047 1619 1125 1653 Die
1143 1619 1362 1666 Erfindu'ng
1387 1620 1455 1654 der
1471 1621 1598 1655 Buch-

234 1681 523 1730 scabensclzrisc,
560 1689 632 1716 etc.
672 1690 709 1726 p.
739 1689 794 1724 94.
852 1677 1036 1713 Mittimus
1076 1678 1239 1727 reliquos
1285 1680 1596 1717 diasceuastarum

234 1744 424 1787 fautores,
472 1749 622 1777 vocatos
654 1738 730 1774 vel'
754 1734 1019 1774 no'n'aeocatos
1038 1752 1046 1773 :
1068 1740 1076 1746 '
1096 1742 1272 1787 quoniam
1309 1742 1357 1775 ad
1392 1754 1469 1776 rem
1506 1743 1597 1778 nihil

233 1807 401 1847 intersit,
432 1801 522 1849 quid
538 1813 632 1835 unus
650 1799 788 1835 alterve
809 1800 1033 1844 intercinat;
1055 1811 1179 1847 neque
1202 1813 1271 1836 nos
1293 1802 1450 1837 vidimus
1478 1816 1520 1837 ex
1540 1803 1596 1838 his

236 1868 417 1914 aliquem,
459 1863 522 1910 qui
550 1862 775 1898 seutentiam
802 1860 929 1896 uicere
951 1868 1046 1895 curn·
1071 1863 1217 1898 ratione
1245 1870 1308 1899 aut
1336 1861 1512 1900 voluisset
1534 1872 1597 1901 aut

236 1928 432 1975 potuisset.
