1783 2455
880 184 909 224 4

216 285 365 322 rentur,
391 288 515 312 rursus
540 276 608 312 hos
633 274 786 311 eosdem
802 275 985 314 usuvrecti
1010 282 1048 310 et
1063 273 1207 312 subacti
1226 274 1376 319 iudicii,
1404 285 1482 313 tum
1500 280 1579 315 veri

216 337 495 385 pervestigandi
520 335 694 382 solertia,
729 335 892 382 denique
923 336 1108 382 sapientia
1138 342 1177 372 et
1201 343 1285 373 toto
1318 337 1404 372 artis
1439 338 1580 375 ambitu

217 405 453 443 superarent·

310 518 407 553 Nam
424 529 536 565 quum
551 518 621 553 ista
635 518 874 565 vetustissimi
890 518 982 555 vatis
998 525 1189 565 poemata,
1211 518 1250 553 in
1268 517 1400 565 quibus
1418 518 1599 554 iuvenile¹

221 579 411 626 ingenium
429 577 659 629 Graecorum
680 578 882 613 laetissimo
902 578 995 615 flore
1011 590 1080 613 suo
1105 578 1336 622 exuberavit,
1365 590 1407 613 ea
1426 580 1580 613 maxime

222 652 302 673 esse
320 639 531 683 conveniat,
553 636 703 685 quibus,
720 651 786 673 seu
801 650 977 673 summam
992 640 1032 673 in
1049 639 1092 673 iis
1109 640 1183 674 vim
1198 647 1414 674 naturaeet.
1425 637 1581 673 Felicita—

219 707 296 734 tem
324 704 468 745 spectes
483 724 493 741 ‚
531 700 726 745 quaesitae
750 697 992 745 perfectionis
1024 710 1105 733 non
1133 699 1248 734 modo
1279 700 1450 735 vicariam
1464 724 1473 742 ,
1512 698 1580 733 sed

219 759 409 794 victricem
428 771 598 806 quoque,
626 759 704 794 sive
726 758 974 793 exundantem
989 757 1133 794 fontem
1153 760 1310 807 ingenii,
1335 772 1409 807 quo
1430 760 1580 806 irrigata

219 831 305 853 mox
322 818 570 854 diversissima
586 821 671 854 artis
688 831 826 865 genera
848 818 885 853 et
898 818 1042 853 formae
1058 818 1317 863 effloruerunt,
1345 828 1456 866 atque
1478 831 1582 853 man-

218 890 341 913 suram
362 891 488 914 eorum
509 880 548 914 in
569 891 679 925 omne
696 890 826 915 aevum
846 878 1063 926 dignitatem
1089 886 1126 913 et
1149 879 1332 915 honorem
1355 878 1580 923 consideres,

216 938 311 974 nihil
336 938 461 974 simile
480 939 683 987 quidquam
708 941 747 974 in
774 938 885 974 simili
914 939 1133 975 conditione
1161 938 1262 986 apud
1287 948 1426 974 ceteras
1451 948 1580 985 gentoe

216 1007 346 1034 natum
359 998 480 1036 videri
494 1008 628 1048 queat:
647 1012 748 1035 nunc
765 999 913 1034 demum
926 998 1017 1036 fecit
1027 998 1251 1047 philologia,
1271 998 1413 1035 scilicet
1425 1008 1582 1035 naturae

218 1061 369 1104 artium,
401 1073 492 1107 quas
517 1069 663 1096 veteres
688 1059 856 1104 coluere,
886 1060 1101 1106 diligentior
1121 1059 1345 1106 indagatrix,
1371 1068 1483 1106 atque
1500 1071 1583 1094 eru-

218 1118 335 1154 ditam
351 1121 629 1167 antiquitatem,
652 1133 732 1155 non
751 1120 869 1155 solum
886 1120 1054 1154 discendi
1072 1119 1361 1175 colligendique,
1388 1119 1457 1153 sed
1472 1121 1582 1154 etiam

221 1180 476 1225 cognoscendi
491 1180 617 1215 studio
635 1189 672 1216 et
689 1179 851 1227 quodam
868 1192 1008 1226 genere
1024 1178 1216 1214 divinandi
1233 1178 1438 1225 complexa,
1454 1187 1496 1214 ut
1509 1180 1582 1212 iam

218 1239 371 1274 tandem
390 1239 528 1275 relictis
545 1242 670 1274 castris
688 1240 981 1281 Batteusiorum,
1010 1246 1047 1272 et
1065 1240 1096 1271 si
1110 1239 1174 1284 qui
1188 1237 1250 1271 alii
1264 1238 1404 1271 fuerint
1420 1238 1583 1272 honora-

217 1299 335 1334 tiores
351 1297 500 1341 arbitri,
523 1308 603 1332 non
618 1308 712 1332 vana
730 1298 771 1330 in
782 1296 950 1331 Homero
969 1297 1138 1331 carminis
1160 1297 1257 1344 epici
1275 1296 1445 1342 artificia,
1467 1310 1583 1334 unum

220 1367 361 1402 actum,
386 1370 502 1393 unum
524 1357 696 1401 heroem,
725 1366 761 1392 et
774 1355 986 1392 huiusmodi
1005 1355 1093 1400 alia,
1118 1355 1252 1403 frigida
1271 1356 1470 1393 sedulitate
1494 1344 1583 1393 coti-

205 1427 423 1463 ,.sectemur,
456 1417 525 1452 sed
545 1419 707 1453 nativam
726 1418 900 1452 virtutem
923 1428 966 1451 ac
986 1418 1213 1463 primaevum
1233 1418 1423 1465 ingenium
1446 1419 1581 1453 veteris

219 1476 364 1525 Άοιδῆς,
397 1490 495 1525 quae
513 1479 625 1514 etiam
642 1477 825 1513 vetustior
841 1476 912 1512 fuit
929 1478 1099 1524 principe
1116 1479 1335 1518 recentioris
1356 1478 1475 1522 chori,
1511 1477 1583 1513 cal-

220 1539 295 1573 lida
311 1540 420 1573 Musa
440 1538 611 1585 Calliope
627 1540 677 1584 *),
703 1542 933 1585 naturaeque
947 1534 1201 1572 liberalissime
1217 1538 1527 1586 sibiindulgentis
1545 1545 1582 1572 et

221 1598 312 1645 fere,
329 1598 433 1646 quod
447 1599 488 1633 in
502 1611 612 1635 versu
625 1606 764 1645 poetae
782 1606 854 1643 est,
877 1597 945 1633 sub
958 1598 1104 1634 nutrice
1122 1597 1286 1634 ludentis
1308 1598 1582 1634 oblectamenta

310 1723 346 1770 ²)
379 1727 443 1755 Hac
462 1722 599 1755 videlicet
622 1724 740 1766 auspice
764 1734 793 1754 et
816 1724 891 1755 duee
916 1723 948 1754 in
971 1724 1077 1755 ultim·
1098 1724 1197 1767 operis
1226 1706 1271 1755 sui
1299 1725 1393 1767 spatia
1420 1724 1582 1765 ingreditur

372 1786 545 1816 Lucretius:
576 1786 635 1820 VI,
660 1796 713 1824 9¹.

443 1847 499 1876 :ru
522 1846 614 1881 mihi,
639 1856 793 1887 supremae
814 1845 1054 1890 praescriptn'ad
1067 1832 1202 1893 eandida·
1223 1845 1311 1877 calcis

448 1907 584 1935 Curi-omi
595 1928 604 1941 ,
614 1894 616 1896 V
627 1908 755 1948 spatium
777 1893 978 1948 praemonuit
991 1896 1122 1938 ''callida
1143 1892 1237 1936 Musa

446 1966 607 2012 {Galilaea
631 1967 745 2010 requies
767 1967 946 2005 hominum,
969 1960 1128 2013 divomque
1150 1967 1294 2010 voluptas.-
