<?xml version="1.0" encoding="UTF-8"?>
<!DOCTYPE html PUBLIC "-//W3C//DTD XHTML 1.0 Transitional//EN"
    "http://www.w3.org/TR/xhtml1/DTD/xhtml1-transitional.dtd">
<html xmlns="http://www.w3.org/1999/xhtml" xml:lang="en" lang="en">
 <head>
  <title>
</title>
<meta http-equiv="Content-Type" content="text/html;charset=utf-8" />
  <meta name='ocr-system' content='tesseract 3.04.00' />
  <meta name='ocr-capabilities' content='ocr_page ocr_carea ocr_par ocr_line ocrx_word'/>
</head>
<body>
  <div class='ocr_page' id='page_1' title='image "./4627515_0011.png"; bbox 0 0 1783 2455; ppageno 0'>
   <div class='ocr_carea' id='block_1_1' title="bbox 908 197 937 248">
    <p class='ocr_par' dir='ltr' id='par_1_1' title="bbox 908 197 937 248">
     <span class='ocr_line' id='line_1_1' title="bbox 908 197 937 248; baseline -0.241 0"><span class='ocrx_word' id='word_1_1' title='bbox 908 197 937 248; x_wconf 75' lang='lat'><strong>⁵..</strong></span> 
     </span>
    </p>
   </div>
   <div class='ocr_carea' id='block_1_2' title="bbox 180 285 1603 460">
    <p class='ocr_par' dir='ltr' id='par_1_2' title="bbox 180 285 1603 460">
     <span class='ocr_line' id='line_1_2' title="bbox 180 285 1599 340; baseline -0.001 -12"><span class='ocrx_word' id='word_1_2' title='bbox 180 285 191 295; x_wconf 17' lang='lat' dir='ltr'><strong>N*</strong></span> <span class='ocrx_word' id='word_1_3' title='bbox 244 293 536 340; x_wconf 74' lang='lat' dir='ltr'><strong>contemplemur</strong></span> <span class='ocrx_word' id='word_1_4' title='bbox 555 292 597 326; x_wconf 79' lang='lat' dir='ltr'><strong>in</strong></span> <span class='ocrx_word' id='word_1_5' title='bbox 611 291 669 327; x_wconf 79' lang='lat' dir='ltr'><strong>his</strong></span> <span class='ocrx_word' id='word_1_6' title='bbox 685 289 936 334; x_wconf 78' lang='lat' dir='ltr'>Carminibus,</span> <span class='ocrx_word' id='word_1_7' title='bbox 966 301 1061 337; x_wconf 84' lang='lat' dir='ltr'><strong>quae</strong></span> <span class='ocrx_word' id='word_1_8' title='bbox 1078 301 1157 324; x_wconf 92' lang='lat' dir='ltr'><strong>non</strong></span> <span class='ocrx_word' id='word_1_9' title='bbox 1174 289 1219 324; x_wconf 90' lang='lat' dir='ltr'><strong>ab</strong></span> <span class='ocrx_word' id='word_1_10' title='bbox 1238 289 1375 325; x_wconf 81' lang='lat' dir='ltr'><strong>artifice</strong></span> <span class='ocrx_word' id='word_1_11' title='bbox 1392 291 1504 335; x_wconf 74' lang='lat' dir='ltr'><strong>facta,</strong></span> <span class='ocrx_word' id='word_1_12' title='bbox 1531 291 1599 327; x_wconf 84' lang='lat' dir='ltr'><strong>sed</strong></span> 
     </span>
     <span class='ocr_line' id='line_1_3' title="bbox 243 350 1600 401; baseline -0.001 -13"><span class='ocrx_word' id='word_1_13' title='bbox 243 352 523 400; x_wconf 84' lang='lat' dir='ltr'><strong>quodammodo</strong></span> <span class='ocrx_word' id='word_1_14' title='bbox 539 357 629 386; x_wconf 62' lang='lat' dir='ltr'><strong>tiata</strong></span> <span class='ocrx_word' id='word_1_15' title='bbox 638 351 834 401; x_wconf 65' lang='lat' dir='ltr'><strong>insciente</strong></span> <span class='ocrx_word' id='word_1_16' title='bbox 853 356 1023 393; x_wconf 72' lang='lat' dir='ltr'><strong>auctore,</strong></span> <span class='ocrx_word' id='word_1_17' title='bbox 1049 358 1087 385; x_wconf 90' lang='lat' dir='ltr'><strong>et</strong></span> <span class='ocrx_word' id='word_1_18' title='bbox 1102 350 1193 396; x_wconf 64' lang='lat' dir='ltr'><strong>vatis</strong></span> <span class='ocrx_word' id='word_1_19' title='bbox 1216 361 1294 384; x_wconf 83' lang='lat' dir='ltr'><strong>nou</strong></span> <span class='ocrx_word' id='word_1_20' title='bbox 1309 359 1385 384; x_wconf 90' lang='lat' dir='ltr'><strong>tam</strong></span> <span class='ocrx_word' id='word_1_21' title='bbox 1402 351 1526 385; x_wconf 89' lang='lat' dir='ltr'><strong>studio</strong></span> <span class='ocrx_word' id='word_1_22' title='bbox 1541 352 1600 386; x_wconf 82' lang='lat' dir='ltr'><strong>vel</strong></span> 
     </span>
     <span class='ocr_line' id='line_1_4' title="bbox 245 401 1603 460; baseline -0.001 -13"><span class='ocrx_word' id='word_1_23' title='bbox 245 425 347 456; x_wconf 86' lang='lat' dir='ltr'><strong>cura,</strong></span> <span class='ocrx_word' id='word_1_24' title='bbox 371 424 480 460; x_wconf 82' lang='lat' dir='ltr'><strong>quam</strong></span> <span class='ocrx_word' id='word_1_25' title='bbox 494 409 768 447; x_wconf 70' lang='lat' dir='ltr'><strong>lib&#39;eno’m&#39;entis</strong></span> <span class='ocrx_word' id='word_1_26' title='bbox 784 410 943 456; x_wconf 79' lang='lat' dir='ltr'><strong>impetu,</strong></span> <span class='ocrx_word' id='word_1_27' title='bbox 956 401 1036 443; x_wconf 68' lang='lat' dir='ltr'><strong>fusa</strong></span> <span class='ocrx_word' id='word_1_28' title='bbox 1057 421 1100 443; x_wconf 88' lang='lat' dir='ltr'><strong>ae</strong></span> <span class='ocrx_word' id='word_1_29' title='bbox 1115 408 1312 443; x_wconf 79' lang='lat' dir='ltr'><strong>decantata</strong></span> <span class='ocrx_word' id='word_1_30' title='bbox 1327 409 1443 444; x_wconf 76' lang='lat' dir='ltr'><strong>fuere.</strong></span> <span class='ocrx_word' id='word_1_31' title='bbox 1479 410 1603 455; x_wconf 80' lang='lat' dir='ltr'><strong>Quum</strong></span> 
     </span>
    </p>
   </div>
   <div class='ocr_carea' id='block_1_3' title="bbox 243 466 1614 518">
    <p class='ocr_par' dir='ltr' id='par_1_3' title="bbox 243 466 1614 518">
     <span class='ocr_line' id='line_1_5' title="bbox 243 466 1614 518; baseline -0.005 -10"><span class='ocrx_word' id='word_1_32' title='bbox 243 484 333 509; x_wconf 87' lang='lat' dir='ltr'><strong>vero</strong></span> <span class='ocrx_word' id='word_1_33' title='bbox 350 485 393 507; x_wconf 79' lang='lat' dir='ltr'><strong>ex</strong></span> <span class='ocrx_word' id='word_1_34' title='bbox 406 466 640 518; x_wconf 58' lang='grc' dir='ltr'><strong>31ῑετάρῗατιε</strong></span> <span class='ocrx_word' id='word_1_35' title='bbox 656 469 749 503; x_wconf 87' lang='lat' dir='ltr'><strong>haec</strong></span> <span class='ocrx_word' id='word_1_36' title='bbox 760 468 949 513; x_wconf 81' lang='lat' dir='ltr'>Carmina,</span> <span class='ocrx_word' id='word_1_37' title='bbox 964 478 1137 516; x_wconf 83' lang='lat' dir='ltr'>tanquam</span> <span class='ocrx_word' id='word_1_38' title='bbox 1152 478 1372 515; x_wconf 88' lang='lat' dir='ltr'><strong>perpetuum</strong></span> <span class='ocrx_word' id='word_1_39' title='bbox 1388 468 1614 505; x_wconf 83' lang='lat' dir='ltr'><strong>adolescen-.</strong></span> 
     </span>
    </p>
   </div>
   <div class='ocr_carea' id='block_1_4' title="bbox 240 528 1605 759">
    <p class='ocr_par' dir='ltr' id='par_1_4' title="bbox 240 528 1605 759">
     <span class='ocr_line' id='line_1_6' title="bbox 243 528 1605 584; baseline -0.003 -16"><span class='ocrx_word' id='word_1_40' title='bbox 243 534 290 569; x_wconf 84' lang='lat' dir='ltr'><strong>tis</strong></span> <span class='ocrx_word' id='word_1_41' title='bbox 305 533 531 567; x_wconf 82' lang='lat' dir='ltr'>humanioris</span> <span class='ocrx_word' id='word_1_42' title='bbox 549 528 908 584; x_wconf 47' lang='lat' dir='ltr'><strong>cuituessexemplum,</strong></span> <span class='ocrx_word' id='word_1_43' title='bbox 931 529 1117 578; x_wconf 80' lang='lat' dir='ltr'>singulari</span> <span class='ocrx_word' id='word_1_44' title='bbox 1126 529 1276 564; x_wconf 83' lang='lat' dir='ltr'><strong>fortuna</strong></span> <span class='ocrx_word' id='word_1_45' title='bbox 1299 542 1368 576; x_wconf 84' lang='lat' dir='ltr'><strong>per</strong></span> <span class='ocrx_word' id='word_1_46' title='bbox 1386 538 1444 565; x_wconf 92' lang='lat' dir='ltr'><strong>tot</strong></span> <span class='ocrx_word' id='word_1_47' title='bbox 1461 530 1605 565; x_wconf 87' lang='lat' dir='ltr'><strong>seculo-</strong></span> 
     </span>
     <span class='ocr_line' id='line_1_7' title="bbox 240 588 1603 638; baseline -0.004 -9"><span class='ocrx_word' id='word_1_48' title='bbox 240 605 324 629; x_wconf 80' lang='lat' dir='ltr'><strong>rum</strong></span> <span class='ocrx_word' id='word_1_49' title='bbox 350 603 453 632; x_wconf 83' lang='lat' dir='ltr'><strong>casus</strong></span> <span class='ocrx_word' id='word_1_50' title='bbox 477 590 778 638; x_wconf 75' lang='lat' dir='ltr'><strong>mutationesque</strong></span> <span class='ocrx_word' id='word_1_51' title='bbox 806 599 1021 626; x_wconf 86' lang='lat' dir='ltr'><strong>conservata</strong></span> <span class='ocrx_word' id='word_1_52' title='bbox 1049 599 1086 627; x_wconf 90' lang='lat' dir='ltr'><strong>et</strong></span> <span class='ocrx_word' id='word_1_53' title='bbox 1101 588 1202 625; x_wconf 84' lang='lat' dir='ltr'><strong>seris</strong></span> <span class='ocrx_word' id='word_1_54' title='bbox 1231 589 1432 637; x_wconf 85' lang='lat' dir='ltr'>nepotibus</span> <span class='ocrx_word' id='word_1_55' title='bbox 1456 589 1603 633; x_wconf 77' lang='lat' dir='ltr'><strong>tradita,</strong></span> 
     </span>
     <span class='ocr_line' id='line_1_8' title="bbox 243 647 1604 699; baseline -0.003 -11"><span class='ocrx_word' id='word_1_56' title='bbox 243 653 469 699; x_wconf 56' lang='lat' dir='ltr'><strong>tantaiwpnr</strong></span> <span class='ocrx_word' id='word_1_57' title='bbox 482 650 641 697; x_wconf 84' lang='lat' dir='ltr'><strong>singulas</strong></span> <span class='ocrx_word' id='word_1_58' title='bbox 658 659 798 685; x_wconf 81' lang='lat' dir='ltr'><strong>aetates</strong></span> <span class='ocrx_word' id='word_1_59' title='bbox 814 650 1012 686; x_wconf 80' lang='lat' dir='ltr'><strong>habuerint</strong></span> <span class='ocrx_word' id='word_1_60' title='bbox 1025 647 1333 695; x_wconf 49' lang='lat' dir='ltr'><strong>admirationem,</strong></span> <span class='ocrx_word' id='word_1_61' title='bbox 1339 659 1436 698; x_wconf 81' lang='lat' dir='ltr'><strong>quae</strong></span> <span class='ocrx_word' id='word_1_62' title='bbox 1452 650 1604 698; x_wconf 87' lang='lat' dir='ltr'><strong>quidem</strong></span> 
     </span>
     <span class='ocr_line' id='line_1_9' title="bbox 242 710 1603 759; baseline -0.002 -11"><span class='ocrx_word' id='word_1_63' title='bbox 242 712 324 748; x_wconf 75' lang='lat' dir='ltr'><strong>sola</strong></span> <span class='ocrx_word' id='word_1_64' title='bbox 345 711 562 759; x_wconf 87' lang='lat' dir='ltr'><strong>plerumque</strong></span> <span class='ocrx_word' id='word_1_65' title='bbox 584 712 701 746; x_wconf 87' lang='lat' dir='ltr'><strong>instar</strong></span> <span class='ocrx_word' id='word_1_66' title='bbox 722 711 872 745; x_wconf 80' lang='lat' dir='ltr'><strong>acrioris</strong></span> <span class='ocrx_word' id='word_1_67' title='bbox 896 710 1025 751; x_wconf 79' lang='lat' dir='ltr'><strong>iudicii</strong></span> <span class='ocrx_word' id='word_1_68' title='bbox 1049 717 1164 756; x_wconf 78' lang='lat' dir='ltr'><strong>esset,</strong></span> <span class='ocrx_word' id='word_1_69' title='bbox 1194 719 1232 747; x_wconf 86' lang='lat' dir='ltr'><strong>et</strong></span> <span class='ocrx_word' id='word_1_70' title='bbox 1246 724 1332 751; x_wconf 84' lang='lat' dir='ltr'><strong>mox</strong></span> <span class='ocrx_word' id='word_1_71' title='bbox 1347 710 1443 745; x_wconf 89' lang='lat' dir='ltr'><strong>adeo</strong></span> <span class='ocrx_word' id='word_1_72' title='bbox 1460 720 1603 746; x_wconf 81' lang='lat' dir='ltr'><strong>mentes</strong></span> 
     </span>
    </p>
   </div>
   <div class='ocr_carea' id='block_1_5' title="bbox 236 770 1630 819">
    <p class='ocr_par' dir='ltr' id='par_1_5' title="bbox 236 770 1630 819">
     <span class='ocr_line' id='line_1_10' title="bbox 236 770 1630 819; baseline -0.002 -11"><span class='ocrx_word' id='word_1_73' title='bbox 236 772 426 819; x_wconf 69' lang='lat' dir='ltr'><strong>reiigione</strong></span> <span class='ocrx_word' id='word_1_74' title='bbox 443 771 601 819; x_wconf 85' lang='lat' dir='ltr'><strong>quadam</strong></span> <span class='ocrx_word' id='word_1_75' title='bbox 615 770 801 818; x_wconf 85' lang='lat' dir='ltr'><strong>alligaret;</strong></span> <span class='ocrx_word' id='word_1_76' title='bbox 816 783 889 818; x_wconf 86' lang='lat' dir='ltr'><strong>qua</strong></span> <span class='ocrx_word' id='word_1_77' title='bbox 901 770 1041 807; x_wconf 85' lang='lat' dir='ltr'><strong>nullum</strong></span> <span class='ocrx_word' id='word_1_78' title='bbox 1056 772 1115 808; x_wconf 80' lang='lat' dir='ltr'><strong>vel</strong></span> <span class='ocrx_word' id='word_1_79' title='bbox 1126 773 1423 819; x_wconf 81' lang='lat' dir='ltr'><strong>gravissimorum</strong></span> <span class='ocrx_word' id='word_1_80' title='bbox 1440 783 1604 806; x_wconf 88' lang='lat' dir='ltr'><strong>errorum</strong></span> <span class='ocrx_word' id='word_1_81' title='bbox 1628 780 1630 782; x_wconf 85' lang='lat'>·</span> 
     </span>
    </p>
   </div>
   <div class='ocr_carea' id='block_1_6' title="bbox 225 830 1607 1419">
    <p class='ocr_par' dir='ltr' id='par_1_6' title="bbox 225 830 1607 1419">
     <span class='ocr_line' id='line_1_11' title="bbox 246 830 1604 878; baseline -0.001 -12"><span class='ocrx_word' id='word_1_82' title='bbox 246 844 329 867; x_wconf 85' lang='lat' dir='ltr'><strong>esse</strong></span> <span class='ocrx_word' id='word_1_83' title='bbox 345 830 530 867; x_wconf 86' lang='lat' dir='ltr'><strong>vinculum</strong></span> <span class='ocrx_word' id='word_1_84' title='bbox 546 831 755 866; x_wconf 84' lang='lat' dir='ltr'><strong>adstrictius</strong></span> <span class='ocrx_word' id='word_1_85' title='bbox 768 840 921 878; x_wconf 85' lang='lat' dir='ltr'><strong>potest:</strong></span> <span class='ocrx_word' id='word_1_86' title='bbox 951 830 1041 869; x_wconf 77' lang='lat' dir='ltr'><strong>item</strong></span> <span class='ocrx_word' id='word_1_87' title='bbox 1059 832 1151 867; x_wconf 85' lang='lat' dir='ltr'><strong>haec</strong></span> <span class='ocrx_word' id='word_1_88' title='bbox 1170 831 1309 875; x_wconf 87' lang='lat' dir='ltr'><strong>studia,</strong></span> <span class='ocrx_word' id='word_1_89' title='bbox 1337 831 1460 866; x_wconf 87' lang='lat' dir='ltr'><strong>multis</strong></span> <span class='ocrx_word' id='word_1_90' title='bbox 1482 830 1604 866; x_wconf 87' lang='lat' dir='ltr'><strong>modis</strong></span> 
     </span>
     <span class='ocr_line' id='line_1_12' title="bbox 225 891 1604 961; baseline -0.001 -34"><span class='ocrx_word' id='word_1_91' title='bbox 225 891 464 939; x_wconf 17' lang='lat' dir='ltr'><strong>*mplifieata</strong></span> <span class='ocrx_word' id='word_1_92' title='bbox 488 903 547 937; x_wconf 88' lang='lat' dir='ltr'><strong>ea,</strong></span> <span class='ocrx_word' id='word_1_93' title='bbox 573 900 685 939; x_wconf 86' lang='lat' dir='ltr'><strong>atque</strong></span> <span class='ocrx_word' id='word_1_94' title='bbox 705 892 745 926; x_wconf 93' lang='lat' dir='ltr'><strong>in</strong></span> <span class='ocrx_word' id='word_1_95' title='bbox 764 897 933 944; x_wconf 85' lang='lat' dir='ltr'><strong>campum</strong></span> <span class='ocrx_word' id='word_1_96' title='bbox 951 891 1146 927; x_wconf 85' lang='lat' dir='ltr'><strong>liberioris</strong></span> <span class='ocrx_word' id='word_1_97' title='bbox 1159 893 1393 961; x_wconf 77' lang='lat' dir='ltr'><strong>cognitionis</strong></span> <span class='ocrx_word' id='word_1_98' title='bbox 1397 903 1604 956; x_wconf 80' lang='lat' dir='ltr'><strong>progressa,</strong></span> 
     </span>
     <span class='ocr_line' id='line_1_13' title="bbox 242 940 1604 1001; baseline 0.001 -15"><span class='ocrx_word' id='word_1_99' title='bbox 242 954 299 988; x_wconf 65' lang='lat' dir='ltr'><strong>&#39;dc</strong></span> <span class='ocrx_word' id='word_1_100' title='bbox 314 952 464 999; x_wconf 89' lang='lat' dir='ltr'><strong>quidem</strong></span> <span class='ocrx_word' id='word_1_101' title='bbox 480 951 616 1000; x_wconf 75' lang='lat' dir='ltr'><strong>dupiex</strong></span> <span class='ocrx_word' id='word_1_102' title='bbox 630 964 763 987; x_wconf 88' lang='lat' dir='ltr'><strong>munus</strong></span> <span class='ocrx_word' id='word_1_103' title='bbox 781 960 886 991; x_wconf 83' lang='lat' dir='ltr'><strong>suum</strong></span> <span class='ocrx_word' id='word_1_104' title='bbox 903 953 990 988; x_wconf 82' lang='lat' dir='ltr'><strong>satis</strong></span> <span class='ocrx_word' id='word_1_105' title='bbox 1008 952 1168 988; x_wconf 85' lang='lat' dir='ltr'><strong>feliciter</strong></span> <span class='ocrx_word' id='word_1_106' title='bbox 1180 940 1372 1001; x_wconf 80' lang='lat' dir='ltr'><strong>praestare</strong></span> <span class='ocrx_word' id='word_1_107' title='bbox 1378 941 1604 999; x_wconf 66' lang='lat' dir='ltr'><strong>coeperunt,</strong></span> 
     </span>
     <span class='ocr_line' id='line_1_14' title="bbox 237 1010 1604 1070; baseline -0.001 -21"><span class='ocrx_word' id='word_1_108' title='bbox 237 1021 288 1049; x_wconf 64' lang='lat' dir='ltr'><strong>ut</strong></span> <span class='ocrx_word' id='word_1_109' title='bbox 310 1013 471 1060; x_wconf 87' lang='lat' dir='ltr'><strong>primum</strong></span> <span class='ocrx_word' id='word_1_110' title='bbox 493 1010 729 1060; x_wconf 84' lang='lat' dir='ltr'><strong>indagandae</strong></span> <span class='ocrx_word' id='word_1_111' title='bbox 743 1012 967 1067; x_wconf 76' lang='lat' dir='ltr'><strong>Homericae</strong></span> <span class='ocrx_word' id='word_1_112' title='bbox 981 1015 1107 1062; x_wconf 88' lang='lat' dir='ltr'><strong>poesis</strong></span> <span class='ocrx_word' id='word_1_113' title='bbox 1121 1014 1298 1051; x_wconf 78' lang='lat' dir='ltr'><strong>historiae</strong></span> <span class='ocrx_word' id='word_1_114' title='bbox 1316 1012 1604 1070; x_wconf 84' lang='lat' dir='ltr'><strong>Carminumque</strong></span> 
     </span>
     <span class='ocr_line' id='line_1_15' title="bbox 246 1065 1603 1121; baseline -0.001 -13"><span class='ocrx_word' id='word_1_115' title='bbox 246 1074 399 1120; x_wconf 85' lang='lat' dir='ltr'><strong>originis</strong></span> <span class='ocrx_word' id='word_1_116' title='bbox 413 1072 660 1121; x_wconf 84' lang='lat' dir='ltr'><strong>inquirendae</strong></span> <span class='ocrx_word' id='word_1_117' title='bbox 674 1082 824 1121; x_wconf 79' lang='lat' dir='ltr'><strong>apertos</strong></span> <span class='ocrx_word' id='word_1_118' title='bbox 836 1071 936 1108; x_wconf 79' lang='lat' dir='ltr'><strong>nunc</strong></span> <span class='ocrx_word' id='word_1_119' title='bbox 947 1075 1114 1121; x_wconf 88' lang='lat' dir='ltr'><strong>puriores</strong></span> <span class='ocrx_word' id='word_1_120' title='bbox 1127 1074 1252 1111; x_wconf 84' lang='lat' dir='ltr'><strong>fontes</strong></span> <span class='ocrx_word' id='word_1_121' title='bbox 1265 1065 1477 1118; x_wconf 81' lang='lat' dir='ltr'><strong>habeamus,</strong></span> <span class='ocrx_word' id='word_1_122' title='bbox 1489 1071 1603 1116; x_wconf 82' lang='lat' dir='ltr'><strong>unde,</strong></span> 
     </span>
     <span class='ocr_line' id='line_1_16' title="bbox 247 1131 1605 1182; baseline 0 -15"><span class='ocrx_word' id='word_1_123' title='bbox 247 1132 353 1181; x_wconf 85' lang='lat' dir='ltr'><strong>quod</strong></span> <span class='ocrx_word' id='word_1_124' title='bbox 367 1134 488 1168; x_wconf 86' lang='lat' dir='ltr'><strong>verius</strong></span> <span class='ocrx_word' id='word_1_125' title='bbox 505 1134 554 1168; x_wconf 88' lang='lat' dir='ltr'><strong>sit</strong></span> <span class='ocrx_word' id='word_1_126' title='bbox 570 1131 786 1169; x_wconf 85' lang='lat' dir='ltr'><strong>inveteratis</strong></span> <span class='ocrx_word' id='word_1_127' title='bbox 802 1134 1038 1181; x_wconf 87' lang='lat' dir='ltr'><strong>praeiudiciis</strong></span> <span class='ocrx_word' id='word_1_128' title='bbox 1058 1147 1101 1170; x_wconf 90' lang='lat' dir='ltr'><strong>ac</strong></span> <span class='ocrx_word' id='word_1_129' title='bbox 1119 1136 1232 1182; x_wconf 83' lang='lat' dir='ltr'><strong>magis</strong></span> <span class='ocrx_word' id='word_1_130' title='bbox 1246 1134 1425 1170; x_wconf 85' lang='lat' dir='ltr'><strong>historiae</strong></span> <span class='ocrx_word' id='word_1_131' title='bbox 1445 1143 1605 1170; x_wconf 86' lang='lat' dir='ltr'><strong>consen-</strong></span> 
     </span>
     <span class='ocr_line' id='line_1_17' title="bbox 244 1186 1605 1242; baseline 0 -15"><span class='ocrx_word' id='word_1_132' title='bbox 244 1201 416 1236; x_wconf 76' lang='lat' dir='ltr'><strong>taneum,</strong></span> <span class='ocrx_word' id='word_1_133' title='bbox 438 1192 578 1226; x_wconf 87' lang='lat' dir='ltr'><strong>scilicet</strong></span> <span class='ocrx_word' id='word_1_134' title='bbox 597 1192 801 1240; x_wconf 77' lang='lat' dir='ltr'><strong>modestius</strong></span> <span class='ocrx_word' id='word_1_135' title='bbox 818 1186 1051 1231; x_wconf 83' lang='lat' dir='ltr'><strong>haurientem</strong></span> <span class='ocrx_word' id='word_1_136' title='bbox 1067 1207 1147 1231; x_wconf 89' lang='lat' dir='ltr'><strong>non</strong></span> <span class='ocrx_word' id='word_1_137' title='bbox 1162 1194 1270 1230; x_wconf 86' lang='lat' dir='ltr'><strong>facile</strong></span> <span class='ocrx_word' id='word_1_138' title='bbox 1290 1194 1433 1242; x_wconf 80' lang='lat' dir='ltr'><strong>fugiat3</strong></span> <span class='ocrx_word' id='word_1_139' title='bbox 1465 1191 1605 1228; x_wconf 83' lang='lat' dir='ltr'><strong>deinde</strong></span> 
     </span>
     <span class='ocr_line' id='line_1_18' title="bbox 245 1251 1606 1298; baseline -0.001 -11"><span class='ocrx_word' id='word_1_140' title='bbox 245 1252 486 1287; x_wconf 76' lang='lat' dir='ltr'><strong>ut‘Criticam</strong></span> <span class='ocrx_word' id='word_1_141' title='bbox 511 1252 551 1285; x_wconf 89' lang='lat' dir='ltr'><strong>in</strong></span> <span class='ocrx_word' id='word_1_142' title='bbox 572 1251 739 1285; x_wconf 84' lang='lat' dir='ltr'><strong>Homero</strong></span> <span class='ocrx_word' id='word_1_143' title='bbox 761 1252 971 1286; x_wconf 75' lang='lat' dir='ltr'><strong>navandam</strong></span> <span class='ocrx_word' id='word_1_144' title='bbox 997 1262 1110 1298; x_wconf 81' lang='lat' dir='ltr'><strong>atque</strong></span> <span class='ocrx_word' id='word_1_145' title='bbox 1135 1254 1312 1289; x_wconf 89' lang='lat' dir='ltr'><strong>iudicium</strong></span> <span class='ocrx_word' id='word_1_146' title='bbox 1335 1253 1383 1287; x_wconf 83' lang='lat' dir='ltr'><strong>de</strong></span> <span class='ocrx_word' id='word_1_147' title='bbox 1403 1251 1606 1287; x_wconf 77' lang='lat' dir='ltr'><strong>Homerica</strong></span> 
     </span>
     <span class='ocr_line' id='line_1_19' title="bbox 235 1309 1605 1361; baseline -0.001 -15"><span class='ocrx_word' id='word_1_148' title='bbox 235 1312 461 1361; x_wconf 16' lang='lat' dir='ltr'><strong>*integritate</strong></span> <span class='ocrx_word' id='word_1_149' title='bbox 487 1309 723 1354; x_wconf 78' lang='lat' dir='ltr'><strong>statuendum</strong></span> <span class='ocrx_word' id='word_1_150' title='bbox 739 1336 748 1353; x_wconf 93' lang='lat'><strong>,</strong></span> <span class='ocrx_word' id='word_1_151' title='bbox 785 1310 867 1344; x_wconf 80' lang='lat' dir='ltr'><strong>sine</strong></span> <span class='ocrx_word' id='word_1_152' title='bbox 891 1321 966 1356; x_wconf 88' lang='lat' dir='ltr'><strong>quo</strong></span> <span class='ocrx_word' id='word_1_153' title='bbox 992 1320 1093 1346; x_wconf 70' lang='lat' dir='ltr'><strong>rectu</strong></span> <span class='ocrx_word' id='word_1_154' title='bbox 1115 1310 1196 1346; x_wconf 86' lang='lat' dir='ltr'><strong>fieri</strong></span> <span class='ocrx_word' id='word_1_155' title='bbox 1225 1310 1437 1346; x_wconf 89' lang='lat' dir='ltr'><strong>emendatio</strong></span> <span class='ocrx_word' id='word_1_156' title='bbox 1463 1312 1605 1358; x_wconf 86' lang='lat' dir='ltr'><strong>nequit,</strong></span> 
     </span>
     <span class='ocr_line' id='line_1_20' title="bbox 245 1369 1607 1419; baseline 0 -13"><span class='ocrx_word' id='word_1_157' title='bbox 245 1383 360 1419; x_wconf 85' lang='lat' dir='ltr'><strong>porro</strong></span> <span class='ocrx_word' id='word_1_158' title='bbox 374 1383 447 1405; x_wconf 88' lang='lat' dir='ltr'><strong>nec</strong></span> <span class='ocrx_word' id='word_1_159' title='bbox 461 1369 616 1412; x_wconf 81' lang='lat' dir='ltr'><strong>obscura</strong></span> <span class='ocrx_word' id='word_1_160' title='bbox 633 1372 730 1405; x_wconf 85' lang='lat' dir='ltr'><strong>ratio</strong></span> <span class='ocrx_word' id='word_1_161' title='bbox 744 1370 921 1405; x_wconf 79' lang='lat' dir='ltr'><strong>historiae</strong></span> <span class='ocrx_word' id='word_1_162' title='bbox 937 1379 999 1406; x_wconf 87' lang='lat' dir='ltr'><strong>aut</strong></span> <span class='ocrx_word' id='word_1_163' title='bbox 1015 1378 1115 1406; x_wconf 84' lang='lat' dir='ltr'><strong>certe</strong></span> <span class='ocrx_word' id='word_1_164' title='bbox 1131 1371 1220 1407; x_wconf 86' lang='lat' dir='ltr'><strong>falsa</strong></span> <span class='ocrx_word' id='word_1_165' title='bbox 1238 1371 1440 1419; x_wconf 85' lang='lat' dir='ltr'><strong>vulgarium</strong></span> <span class='ocrx_word' id='word_1_166' title='bbox 1457 1371 1607 1418; x_wconf 85' lang='lat' dir='ltr'><strong>opinio·</strong></span> 
     </span>
    </p>
   </div>
   <div class='ocr_carea' id='block_1_7' title="bbox 239 1430 1631 1478">
    <p class='ocr_par' dir='ltr' id='par_1_7' title="bbox 239 1430 1631 1478">
     <span class='ocr_line' id='line_1_21' title="bbox 239 1430 1631 1478; baseline -0.001 -11"><span class='ocrx_word' id='word_1_167' title='bbox 239 1440 334 1467; x_wconf 67' lang='lat' dir='ltr'><strong>uum</strong></span> <span class='ocrx_word' id='word_1_168' title='bbox 358 1430 536 1465; x_wconf 87' lang='lat' dir='ltr'><strong>blanditia</strong></span> <span class='ocrx_word' id='word_1_169' title='bbox 564 1430 689 1475; x_wconf 86' lang='lat' dir='ltr'><strong>ducat,</strong></span> <span class='ocrx_word' id='word_1_170' title='bbox 717 1439 859 1478; x_wconf 87' lang='lat' dir='ltr'><strong>neque,</strong></span> <span class='ocrx_word' id='word_1_171' title='bbox 888 1440 931 1466; x_wconf 90' lang='lat' dir='ltr'><strong>ut</strong></span> <span class='ocrx_word' id='word_1_172' title='bbox 945 1431 1004 1476; x_wconf 87' lang='lat' dir='ltr'><strong>fit,</strong></span> <span class='ocrx_word' id='word_1_173' title='bbox 1034 1433 1182 1467; x_wconf 89' lang='lat' dir='ltr'><strong>sinistra</strong></span> <span class='ocrx_word' id='word_1_174' title='bbox 1202 1431 1441 1467; x_wconf 88' lang='lat' dir='ltr'><strong>consiliorum</strong></span> <span class='ocrx_word' id='word_1_175' title='bbox 1466 1433 1631 1478; x_wconf 79' lang='lat' dir='ltr'><strong>impm-·</strong></span> 
     </span>
    </p>
   </div>
   <div class='ocr_carea' id='block_1_8' title="bbox 196 1488 1606 1971">
    <p class='ocr_par' dir='ltr' id='par_1_8' title="bbox 196 1488 1606 1965">
     <span class='ocr_line' id='line_1_22' title="bbox 248 1488 1606 1541; baseline 0 -14"><span class='ocrx_word' id='word_1_176' title='bbox 248 1491 373 1527; x_wconf 86' lang='lat' dir='ltr'><strong>dentia</strong></span> <span class='ocrx_word' id='word_1_177' title='bbox 389 1490 519 1532; x_wconf 81' lang='lat' dir='ltr'><strong>illudat</strong></span> <span class='ocrx_word' id='word_1_178' title='bbox 534 1488 577 1536; x_wconf 60' lang='lat' dir='ltr'><strong>‘ae</strong></span> <span class='ocrx_word' id='word_1_179' title='bbox 590 1489 930 1541; x_wconf 49' lang='lat' dir='ltr'><strong>destituatssA&#39;tque</strong></span> <span class='ocrx_word' id='word_1_180' title='bbox 942 1492 1016 1528; x_wconf 91' lang='lat' dir='ltr'><strong>hoc</strong></span> <span class='ocrx_word' id='word_1_181' title='bbox 1027 1488 1148 1541; x_wconf 76' lang='lat' dir='ltr'><strong>ipsum</strong></span> <span class='ocrx_word' id='word_1_182' title='bbox 1159 1493 1389 1541; x_wconf 85' lang='lat' dir='ltr'><strong>potissimum</strong></span> <span class='ocrx_word' id='word_1_183' title='bbox 1404 1492 1485 1536; x_wconf 87' lang='lat' dir='ltr'><strong>fuit,</strong></span> <span class='ocrx_word' id='word_1_184' title='bbox 1501 1489 1606 1539; x_wconf 85' lang='lat' dir='ltr'><strong>quod</strong></span> 
     </span>
     <span class='ocr_line' id='line_1_23' title="bbox 243 1543 1606 1602; baseline -0.001 -15"><span class='ocrx_word' id='word_1_185' title='bbox 243 1543 452 1602; x_wconf 55' lang='lat' dir='ltr'><strong>§iutissime</strong></span> <span class='ocrx_word' id='word_1_186' title='bbox 467 1553 508 1586; x_wconf 88' lang='lat' dir='ltr'><strong>in</strong></span> <span class='ocrx_word' id='word_1_187' title='bbox 522 1550 730 1587; x_wconf 78' lang='lat' dir='ltr'><strong>Homericis</strong></span> <span class='ocrx_word' id='word_1_188' title='bbox 753 1546 884 1588; x_wconf 85' lang='lat' dir='ltr'><strong>studiis</strong></span> <span class='ocrx_word' id='word_1_189' title='bbox 907 1548 970 1587; x_wconf 75' lang='lat' dir='ltr'><strong>aut</strong></span> <span class='ocrx_word' id='word_1_190' title='bbox 992 1552 1243 1590; x_wconf 86' lang='lat' dir='ltr'><strong>desideratum</strong></span> <span class='ocrx_word' id='word_1_191' title='bbox 1262 1561 1359 1589; x_wconf 89' lang='lat' dir='ltr'><strong>esset</strong></span> <span class='ocrx_word' id='word_1_192' title='bbox 1378 1561 1440 1588; x_wconf 89' lang='lat' dir='ltr'><strong>aut</strong></span> <span class='ocrx_word' id='word_1_193' title='bbox 1456 1550 1606 1587; x_wconf 88' lang='lat' dir='ltr'><strong>deside-</strong></span> 
     </span>
     <span class='ocr_line' id='line_1_24' title="bbox 239 1611 1603 1660; baseline -0.003 -10"><span class='ocrx_word' id='word_1_194' title='bbox 239 1613 319 1650; x_wconf 60' lang='lat' dir='ltr'><strong>!‘ari</strong></span> <span class='ocrx_word' id='word_1_195' title='bbox 333 1611 462 1648; x_wconf 90' lang='lat' dir='ltr'><strong>saltem</strong></span> <span class='ocrx_word' id='word_1_196' title='bbox 479 1611 684 1656; x_wconf 85' lang='lat' dir='ltr'><strong>debuisset,</strong></span> <span class='ocrx_word' id='word_1_197' title='bbox 704 1620 746 1647; x_wconf 86' lang='lat' dir='ltr'><strong>ut</strong></span> <span class='ocrx_word' id='word_1_198' title='bbox 759 1621 899 1648; x_wconf 87' lang='lat' dir='ltr'><strong>certum</strong></span> <span class='ocrx_word' id='word_1_199' title='bbox 917 1612 1108 1660; x_wconf 86' lang='lat' dir='ltr'><strong>quoddam</strong></span> <span class='ocrx_word' id='word_1_200' title='bbox 1123 1612 1241 1649; x_wconf 89' lang='lat' dir='ltr'><strong>solum</strong></span> <span class='ocrx_word' id='word_1_201' title='bbox 1254 1624 1296 1648; x_wconf 90' lang='lat' dir='ltr'><strong>ac</strong></span> <span class='ocrx_word' id='word_1_202' title='bbox 1310 1613 1603 1656; x_wconf 78' lang='lat' dir='ltr'><strong>fundamentum,</strong></span> 
     </span>
     <span class='ocr_line' id='line_1_25' title="bbox 246 1673 1606 1728; baseline -0.002 -19"><span class='ocrx_word' id='word_1_203' title='bbox 246 1675 288 1709; x_wconf 85' lang='lat' dir='ltr'><strong>in</strong></span> <span class='ocrx_word' id='word_1_204' title='bbox 300 1685 374 1728; x_wconf 84' lang='lat' dir='ltr'><strong>quo</strong></span> <span class='ocrx_word' id='word_1_205' title='bbox 389 1674 469 1719; x_wconf 88' lang='lat' dir='ltr'><strong>ipsa</strong></span> <span class='ocrx_word' id='word_1_206' title='bbox 486 1684 543 1706; x_wconf 87' lang='lat' dir='ltr'><strong>ars</strong></span> <span class='ocrx_word' id='word_1_207' title='bbox 559 1674 668 1707; x_wconf 83' lang='lat' dir='ltr'><strong>inniti</strong></span> <span class='ocrx_word' id='word_1_208' title='bbox 679 1682 824 1725; x_wconf 77' lang='lat' dir='ltr'><strong>posset,</strong></span> <span class='ocrx_word' id='word_1_209' title='bbox 841 1674 1082 1717; x_wconf 79' lang='lat' dir='ltr'><strong>inveniretur,</strong></span> <span class='ocrx_word' id='word_1_210' title='bbox 1096 1682 1208 1721; x_wconf 89' lang='lat' dir='ltr'><strong>atque</strong></span> <span class='ocrx_word' id='word_1_211' title='bbox 1222 1674 1279 1708; x_wconf 86' lang='lat' dir='ltr'><strong>lex</strong></span> <span class='ocrx_word' id='word_1_212' title='bbox 1292 1673 1413 1721; x_wconf 89' lang='lat' dir='ltr'><strong>aliqua</strong></span> <span class='ocrx_word' id='word_1_213' title='bbox 1428 1682 1465 1707; x_wconf 88' lang='lat' dir='ltr'><strong>et</strong></span> <span class='ocrx_word' id='word_1_214' title='bbox 1474 1683 1606 1707; x_wconf 87' lang='lat' dir='ltr'><strong>norma</strong></span> 
     </span>
     <span class='ocr_line' id='line_1_26' title="bbox 236 1731 1606 1793; baseline -0.002 -23.989"><span class='ocrx_word' id='word_1_215' title='bbox 236 1741 490 1793; x_wconf 68' lang='lat' dir='ltr'><strong>suppeteret,</strong></span> <span class='ocrx_word' id='word_1_216' title='bbox 506 1732 553 1767; x_wconf 88' lang='lat' dir='ltr'><strong>ad</strong></span> <span class='ocrx_word' id='word_1_217' title='bbox 569 1743 683 1780; x_wconf 82' lang='lat' dir='ltr'><strong>quam</strong></span> <span class='ocrx_word' id='word_1_218' title='bbox 699 1733 813 1786; x_wconf 71' lang='lat' dir='ltr'><strong>exigi,</strong></span> <span class='ocrx_word' id='word_1_219' title='bbox 836 1732 938 1768; x_wconf 85' lang='lat' dir='ltr'><strong>velut</strong></span> <span class='ocrx_word' id='word_1_220' title='bbox 951 1733 998 1767; x_wconf 90' lang='lat' dir='ltr'><strong>ad</strong></span> <span class='ocrx_word' id='word_1_221' title='bbox 1016 1734 1224 1775; x_wconf 79' lang='lat' dir='ltr'><strong>obrussam,</strong></span> <span class='ocrx_word' id='word_1_222' title='bbox 1248 1732 1394 1777; x_wconf 87' lang='lat' dir='ltr'><strong>liceret,</strong></span> <span class='ocrx_word' id='word_1_223' title='bbox 1421 1731 1606 1780; x_wconf 85' lang='lat' dir='ltr'><strong>quidquid</strong></span> 
     </span>
     <span class='ocr_line' id='line_1_27' title="bbox 196 1782 1606 1841; baseline 0 -14"><span class='ocrx_word' id='word_1_224' title='bbox 196 1793 212 1812; x_wconf 51' lang='grc' dir='ltr'><strong>’ἲ</strong></span> <span class='ocrx_word' id='word_1_225' title='bbox 236 1782 541 1841; x_wconf 44' lang='lat' dir='ltr'><strong>&amp;quocunque</strong></span> <span class='ocrx_word' id='word_1_226' title='bbox 549 1794 697 1841; x_wconf 63' lang='lat' dir='ltr'><strong>genere</strong></span> <span class='ocrx_word' id='word_1_227' title='bbox 705 1792 859 1834; x_wconf 83' lang='lat' dir='ltr'><strong>dubium</strong></span> <span class='ocrx_word' id='word_1_228' title='bbox 873 1792 934 1829; x_wconf 79' lang='lat' dir='ltr'><strong>vel</strong></span> <span class='ocrx_word' id='word_1_229' title='bbox 953 1792 1164 1841; x_wconf 81' lang='lat' dir='ltr'><strong>ambiguum</strong></span> <span class='ocrx_word' id='word_1_230' title='bbox 1178 1806 1271 1830; x_wconf 75' lang='lat' dir='ltr'><strong>esse.</strong></span> <span class='ocrx_word' id='word_1_231' title='bbox 1273 1795 1314 1829; x_wconf 91' lang='lat' dir='ltr'><strong>in</strong></span> <span class='ocrx_word' id='word_1_232' title='bbox 1327 1793 1485 1840; x_wconf 85' lang='lat' dir='ltr'><strong>antiquis</strong></span> <span class='ocrx_word' id='word_1_233' title='bbox 1502 1791 1606 1827; x_wconf 84' lang='lat' dir='ltr'><strong>hisee</strong></span> 
     </span>
     <span class='ocr_line' id='line_1_28' title="bbox 247 1848 1605 1919; baseline -0.002 -29"><span class='ocrx_word' id='word_1_234' title='bbox 247 1854 496 1890; x_wconf 87' lang='lat' dir='ltr'><strong>monumentis</strong></span> <span class='ocrx_word' id='word_1_235' title='bbox 505 1848 803 1901; x_wconf 58' lang='lat' dir='ltr'><strong>«viderest&#39;ur‘qua</strong></span> <span class='ocrx_word' id='word_1_236' title='bbox 853 1861 1038 1919; x_wconf 75' lang='lat' dir='ltr'><strong>tanquam</strong></span> <span class='ocrx_word' id='word_1_237' title='bbox 1054 1853 1155 1889; x_wconf 89' lang='lat' dir='ltr'><strong>edita</strong></span> <span class='ocrx_word' id='word_1_238' title='bbox 1173 1866 1193 1889; x_wconf 91' lang='lat' dir='ltr'><strong>e</strong></span> <span class='ocrx_word' id='word_1_239' title='bbox 1207 1853 1443 1902; x_wconf 72' lang='lat' dir='ltr'><strong>pugillaribus</strong></span> <span class='ocrx_word' id='word_1_240' title='bbox 1456 1858 1605 1900; x_wconf 78' lang='lat' dir='ltr'><strong>poetae,</strong></span> 
     </span>
     <span class='ocr_line' id='line_1_29' title="bbox 213 1864 1606 1971; baseline -0.004 -19"><span class='ocrx_word' id='word_1_241' title='bbox 213 1949 216 1952; x_wconf 86' lang='grc'><strong>,</strong></span> <span class='ocrx_word' id='word_1_242' title='bbox 248 1925 362 1965; x_wconf 75' lang='lat' dir='ltr'><strong>quum</strong></span> <span class='ocrx_word' id='word_1_243' title='bbox 379 1913 610 1949; x_wconf 83' lang='lat' dir='ltr'><strong>doctissimus</strong></span> <span class='ocrx_word' id='word_1_244' title='bbox 630 1864 982 1971; x_wconf 40' lang='lat' dir='ltr'><strong>quisquessectare</strong></span> <span class='ocrx_word' id='word_1_245' title='bbox 1002 1925 1045 1949; x_wconf 87' lang='lat' dir='ltr'><strong>ac</strong></span> <span class='ocrx_word' id='word_1_246' title='bbox 1060 1915 1249 1962; x_wconf 86' lang='lat' dir='ltr'><strong>suspicere</strong></span> <span class='ocrx_word' id='word_1_247' title='bbox 1266 1914 1501 1956; x_wconf 83' lang='lat' dir='ltr'><strong>assuevisset,</strong></span> <span class='ocrx_word' id='word_1_248' title='bbox 1524 1923 1606 1947; x_wconf 89' lang='lat' dir='ltr'><strong>non</strong></span> 
     </span>
    </p>
   </div>
   <div class='ocr_carea' id='block_1_9' title="bbox 249 1964 1681 2042">
    <p class='ocr_par' dir='ltr' id='par_1_9' title="bbox 249 1964 1681 2042">
     <span class='ocr_line' id='line_1_30' title="bbox 249 1964 1681 2042; baseline -0.002 -31"><span class='ocrx_word' id='word_1_249' title='bbox 249 1983 306 2015; x_wconf 77' lang='lat' dir='ltr'><strong>est</strong></span> <span class='ocrx_word' id='word_1_250' title='bbox 327 1973 552 2035; x_wconf 68' lang='lat' dir='ltr'><strong>mitandum,</strong></span> <span class='ocrx_word' id='word_1_251' title='bbox 575 1974 624 2011; x_wconf 83' lang='lat' dir='ltr'><strong>si</strong></span> <span class='ocrx_word' id='word_1_252' title='bbox 619 1973 708 2010; x_wconf 83' lang='lat' dir='ltr'><strong>diu</strong></span> <span class='ocrx_word' id='word_1_253' title='bbox 715 1965 790 2011; x_wconf 66' lang='lat' dir='ltr'><strong>im</strong></span> <span class='ocrx_word' id='word_1_254' title='bbox 783 1964 986 2042; x_wconf 51' lang='lat' dir='ltr'><strong>abnormis</strong></span> <span class='ocrx_word' id='word_1_255' title='bbox 1013 1986 1057 2011; x_wconf 79' lang='lat' dir='ltr'><strong>ac</strong></span> <span class='ocrx_word' id='word_1_256' title='bbox 1078 1975 1221 2028; x_wconf 81' lang='lat' dir='ltr'><strong>nescia,</strong></span> <span class='ocrx_word' id='word_1_257' title='bbox 1247 1985 1322 2024; x_wconf 83' lang='lat' dir='ltr'><strong>quo</strong></span> <span class='ocrx_word' id='word_1_258' title='bbox 1349 1981 1447 2020; x_wconf 71' lang='lat' dir='ltr'><strong>esset</strong></span> <span class='ocrx_word' id='word_1_259' title='bbox 1470 1980 1508 2010; x_wconf 90' lang='lat' dir='ltr'><strong>et</strong></span> <span class='ocrx_word' id='word_1_260' title='bbox 1530 1983 1621 2022; x_wconf 62' lang='lat' dir='ltr'><strong>qua·</strong></span> <span class='ocrx_word' id='word_1_261' title='bbox 1672 1973 1681 1985; x_wconf 67' lang='lat'><em>⁷</em></span> 
     </span>
    </p>
   </div>
  </div>
 </body>
</html>
