1783 2455
884 199 913 237 6

215 299 538 353 perveniendum,
574 298 675 334 varia
701 297 875 333 conando
902 306 940 333 et
967 298 1214 345 periclitando
1238 313 1364 348 neque
1392 305 1579 338 errantem*

214 374 356 410 operae
370 368 504 396 metam
520 357 672 393 contin
647 366 770 404 ²„eret,
792 370 917 405 neque
933 357 1045 393 ullum
1060 360 1213 395 omnino
1232 361 1367 395 exitum
1382 364 1577 407 reperiret,

218 423 303 468 Qua
324 421 476 469 quidem
498 418 600 453 omni
626 415 812 462 doctrina,
835 419 970 465 partim
984 431 1118 466 magno
1139 421 1212 454 iam
1232 420 1357 455 studio
1374 420 1576 467 elaborata,-

213 492 256 518 ut
278 481 421 529 percipi
441 487 570 526 queat,
600 479 734 523 partim
756 479 795 511 in
817 479 913 512 viam
935 478 1115 522 deducta,
1143 488 1185 514 ut
1205 479 1357 526 amplius
1380 479 1574 523 elaborari,

214 554 316 578 novo
340 550 460 588 eoque
483 537 619 584 insigni
641 545 858 589 argumento
880 536 1009 572 diluxit
1023 540 1243 586 praecipue,
1272 551 1388 583 nunc,
1417 539 1506 586 quid
1524 539 1573 574 ad

211 603 334 637 literas
355 610 505 648 quoque
525 595 711 643 augendas
730 604 767 630 et
779 596 963 630 ornandas
980 606 1042 632 aut
1060 600 1262 633 communis
1281 611 1404 633 rerum·
1421 598 1576 634 domina*

211 662 359 697 fortuna
374 684 383 702 ,
425 666 488 692 aut
516 656 689 690 fortunae
712 656 845 704 rectrix
866 656 1006 702 ingenii
1022 659 1248 703 praestantia
1274 666 1423 705 posset,
1458 669 1573 702 nunc,

211 730 388 773 quantum
400 717 566 766 differret
577 715 689 762 plane
704 714 911 751 doctrinam
927 717 1026 751 inter
1046 717 1370 769 eruditionemque
1381 730 1513 761 veram,
1532 725 1572 754 et

212 782 405 817 doctrinae
433 776 626 812 collectam
653 775 935 821 subiectamque
960 777 1161 811 materiam.
1216 778 1341 822 Quum
1372 779 1470 811 enim
1495 777 1573 811 hoe

208 838 446 878 tribuendum
474 836 651 871 fortunae
683 843 796 877 esset,
834 843 877 870 ut
899 834 1002 870 bona
1026 847 1111 883 pars
1137 835 1301 884 frugum,
1335 848 1423 884 quas
1451 835 1569 872 multo

205 902 383 949 largiores
400 897 487 934 olim
500 895 722 930 fertilissima
738 895 821 929 tulit
837 895 1170 929 Alexandrinorum
1189 897 1334 939 messis,
1368 905 1405 930 et
1425 898 1569 930 incoma

206 959 373 1013 parabile
399 955 607 994 studiorum
638 956 820 998 omnium,
855 967 950 1002 quae
970 956 1012 990 in
1030 955 1197 992 Homero
1221 963 1428 1002 ponuntur,
1462 955 1567 991 adiu-

203 1028 391 1064 mentum,
421 1025 591 1063 optatum
615 1016 675 1050 vix
690 1014 782 1049 illud
799 1023 947 1061 patrum
967 1024 1181 1050 nostrorum
1205 1017 1397 1059 memoria,
1425 1016 1565 1052 nedum

206 1087 474 1128 exspectatum,
501 1084 589 1123 post
608 1073 820 1110 diuturnam
838 1068 1067 1110 oblivionem
1088 1074 1145 1110 his·
1164 1060 1395 1122 temporibus
1415 1071 1569 1112 demum·

201 1144 243 1179 in
256 1140 487 1177 literatorum
501 1136 675 1171 notitiam
687 1136 833 1176 venerit
850 1143 888 1170 et
904 1134 1171 1178 celebritatem,
1188 1144 1434 1184 protractum,
1443 1135 1565 1183 idque

200 1200 402 1237 iustissima
417 1208 499 1232 cum
513 1194 623 1231 laude
639 1195 780 1239 meriti,
808 1194 855 1229 ad
871 1206 1105 1233 communem
1118 1194 1315 1229 utilitatem
1328 1207 1338 1227 e
1365 1207 1450 1229 mox
1471 1195 1567 1230 alte*

200 1272 283 1296 rum
303 1260 392 1301 hoc,
416 1269 489 1291 nec
511 1254 714 1289 secundum
735 1254 924 1298 profecto,
955 1254 1125 1288 meritum
1141 1262 1391 1300 comparatum
1407 1256 1564 1301 ingenio*

202 1328 276 1363 est,
298 1326 356 1360 ut,
382 1314 499 1363 qualis
518 1321 616 1347 esset
631 1311 770 1348 utilitas
785 1311 843 1347 vel
859 1313 1033 1347 fortunae
1048 1311 1143 1347 illius
1159 1312 1218 1348 vel
1234 1313 1406 1348 beneficii
1421 1314 1468 1349 ad
1482 1328 1563 1351 me-

198 1379 292 1416 liora
304 1375 427 1412 studia
443 1371 661 1408 instruenda
671 1398 680 1416 ‚
699 1372 879 1407 eontinuo
893 1371 1109 1420 patefieret..
1140 1370 1339 1420 Quumque
1353 1374 1434 1420 ipse
1448 1376 1562 1411 etiam·

197 1438 336 1477 multae
349 1436 407 1472 vir
420 1434 610 1476 scientiae,
625 1431 871 1476 viiloisonus‚
889 1432 1070 1467 infinitam
1086 1431 1214 1468 silvam
1227 1429 1430 1477 doctrinae,
1448 1445 1562 1481 quam·

199 1495 463 1546 copiosissimis
485 1491 633 1529 scholiis
651 1491 892 1539 pervolutatis
911 1491 1021 1526 facile
1038 1491 1238 1541 collegerat
1253 1493 1303 1537 is,
1337 1494 1439 1529 cuius
1454 1503 1563 1531 tanta

197 1560 239 1594 in
258 1553 468 1604 colligendo
481 1554 596 1590 virtus
613 1560 708 1595 erat,
730 1553 771 1587 in
785 1550 1056 1599 Prolegomena
1075 1563 1161 1596 sua,
1186 1550 1413 1599 praedarum·
1435 1555 1474 1588 in
1489 1561 1562 1592 suo!

198 1629 338 1667 genere
353 1628 447 1663 opus
463 1623 500 1648 et
517 1615 648 1659 ingens
664 1611 840 1659 pabulum
856 1612 1098 1655 amatoribus,
1123 1620 1302 1658 tanquam
1320 1613 1360 1646 i'n
1384 1613 1562 1648 horreum·

200 1675 448 1718 condidisset,
482 1672 584 1708 unde
607 1684 692 1706 mox
715 1671 807 1706 alter
829 1670 1000 1715 haberet,
1033 1682 1130 1719 quae
1159 1671 1380 1717 depromere
1404 1682 1558 1720 posset:

199 1746 348 1775 exortus
376 1743 431 1770 est
459 1732 635 1782 posthac,
652 1733 732 1780 ‘qui
755 1732 887 1780 opibus
913 1740 999 1767 ante
1017 1741 1057 1767 se
1082 1733 1307 1767 coacervatis
1338 1734 1559 1779 aequissima.

199 1798 419 1836 conditione
445 1785 619 1843 pontusf
634 1795 708 1828 iam
735 1793 835 1830 no'va
865 1791 976 1828 nobis
1006 1800 1250 1840 componeret
1274 1792 1559 1840 Prolegomena'

198 1872 295 1910 quae
308 1871 379 1908 pro
396 1856 550 1894 materia
565 1853 803 1899 eruditionis,
825 1865 926 1892 nunc
944 1852 1150 1890 uberrimos
1169 1852 1389 1890 eruditionis
1404 1854 1558 1900 fructus,

196 1934 267 1969 pro
289 1914 493 1963 industria,
517 1912 712 1953 doctrinae
726 1914 874 1950 laudem
889 1923 928 1950 et
940 1914 1086 1959 iudicii,
1109 1914 1423 1962 prudentiamque
1441 1913 1557 1949 habe-

195 1989 291 2018 rent.
338 1978 441 2027 Quid
460 1979 573 2027 igitur
587 1967 668 2013 ill'e.
658 1977 675 2001 θ
704 1974 851 2023 Nempe
865 1983 941 2012 tam
956 1982 1117 2029 panim,
1127 1974 1218 2023 quid
1234 1976 1290 2011 rei
1304 1973 1358 2010 ibi
1372 1982 1555 2056 ageretur,
