<?xml version="1.0" encoding="UTF-8"?>
<!DOCTYPE html PUBLIC "-//W3C//DTD XHTML 1.0 Transitional//EN"
    "http://www.w3.org/TR/xhtml1/DTD/xhtml1-transitional.dtd">
<html xmlns="http://www.w3.org/1999/xhtml" xml:lang="en" lang="en">
 <head>
  <title>
</title>
<meta http-equiv="Content-Type" content="text/html;charset=utf-8" />
  <meta name='ocr-system' content='tesseract 3.04.00' />
  <meta name='ocr-capabilities' content='ocr_page ocr_carea ocr_par ocr_line ocrx_word'/>
</head>
<body>
  <div class='ocr_page' id='page_1' title='image "./4627515_0019.png"; bbox 0 0 1783 2455; ppageno 0'>
   <div class='ocr_carea' id='block_1_1' title="bbox 885 198 938 236">
    <p class='ocr_par' dir='ltr' id='par_1_1' title="bbox 885 198 938 236">
     <span class='ocr_line' id='line_1_1' title="bbox 885 198 938 236; baseline 0 0"><span class='ocrx_word' id='word_1_1' title='bbox 885 198 938 236; x_wconf 76' lang='lat'>13</span> 
     </span>
    </p>
   </div>
   <div class='ocr_carea' id='block_1_2' title="bbox 229 286 1589 638">
    <p class='ocr_par' dir='ltr' id='par_1_2' title="bbox 229 286 1589 638">
     <span class='ocr_line' id='line_1_2' title="bbox 233 286 1587 338; baseline 0.001 -12"><span class='ocrx_word' id='word_1_2' title='bbox 233 302 342 338; x_wconf 85' lang='lat' dir='ltr'>quam</span> <span class='ocrx_word' id='word_1_3' title='bbox 358 288 586 327; x_wconf 71' lang='lat' dir='ltr'>vix&#39;dubium</span> <span class='ocrx_word' id='word_1_4' title='bbox 606 298 679 334; x_wconf 86' lang='lat' dir='ltr'>est,</span> <span class='ocrx_word' id='word_1_5' title='bbox 705 290 797 336; x_wconf 87' lang='lat' dir='ltr'>quin</span> <span class='ocrx_word' id='word_1_6' title='bbox 813 288 931 325; x_wconf 88' lang='lat' dir='ltr'>simile</span> <span class='ocrx_word' id='word_1_7' title='bbox 949 286 1056 335; x_wconf 84' lang='lat' dir='ltr'><strong>quid,</strong></span> <span class='ocrx_word' id='word_1_8' title='bbox 1081 287 1297 324; x_wconf 73' lang='lat' dir='ltr'>describens</span> <span class='ocrx_word' id='word_1_9' title='bbox 1311 291 1421 325; x_wconf 86' lang='lat' dir='ltr'>verba</span> <span class='ocrx_word' id='word_1_10' title='bbox 1438 292 1505 328; x_wconf 75' lang='lat' dir='ltr'>ista</span> <span class='ocrx_word' id='word_1_11' title='bbox 1517 319 1527 336; x_wconf 88' lang='lat'>‚</span> <span class='ocrx_word' id='word_1_12' title='bbox 1546 293 1587 327; x_wconf 81' lang='lat' dir='ltr'>in</span> 
     </span>
     <span class='ocr_line' id='line_1_3' title="bbox 229 347 1585 396; baseline 0.001 -9"><span class='ocrx_word' id='word_1_13' title='bbox 229 361 356 387; x_wconf 84' lang='lat' dir='ltr'>mente</span> <span class='ocrx_word' id='word_1_14' title='bbox 372 351 544 386; x_wconf 82' lang='lat' dir='ltr'>habuerit</span> <span class='ocrx_word' id='word_1_15' title='bbox 557 348 787 393; x_wconf 81' lang='lat' dir='ltr'>Eustathius,</span> <span class='ocrx_word' id='word_1_16' title='bbox 811 350 950 396; x_wconf 88' lang='lat' dir='ltr'>quippe</span> <span class='ocrx_word' id='word_1_17' title='bbox 971 349 1035 395; x_wconf 89' lang='lat' dir='ltr'>qui</span> <span class='ocrx_word' id='word_1_18' title='bbox 1061 347 1191 385; x_wconf 87' lang='lat' dir='ltr'>crebro</span> <span class='ocrx_word' id='word_1_19' title='bbox 1212 361 1282 396; x_wconf 85' lang='lat' dir='ltr'>per</span> <span class='ocrx_word' id='word_1_20' title='bbox 1305 355 1585 388; x_wconf 81' lang='lat' dir='ltr'>commentarios</span> 
     </span>
     <span class='ocr_line' id='line_1_4' title="bbox 231 400 1586 457; baseline 0.001 -12"><span class='ocrx_word' id='word_1_21' title='bbox 231 425 318 447; x_wconf 84' lang='lat' dir='ltr'>suos</span> <span class='ocrx_word' id='word_1_22' title='bbox 341 400 382 448; x_wconf 59' lang='lat' dir='ltr'>{d</span> <span class='ocrx_word' id='word_1_23' title='bbox 406 411 526 457; x_wconf 72' lang='grc' dir='ltr'><em>σχῆμα</em></span> <span class='ocrx_word' id='word_1_24' title='bbox 542 409 767 444; x_wconf 83' lang='lat' dir='ltr'>rhetoricum</span> <span class='ocrx_word' id='word_1_25' title='bbox 785 417 953 455; x_wconf 85' lang='lat' dir='ltr'><strong>usurpat,</strong></span> <span class='ocrx_word' id='word_1_26' title='bbox 987 417 1024 444; x_wconf 87' lang='lat' dir='ltr'>et</span> <span class='ocrx_word' id='word_1_27' title='bbox 1043 406 1197 443; x_wconf 84' lang='lat' dir='ltr'>verbum</span> <span class='ocrx_word' id='word_1_28' title='bbox 1211 408 1325 456; x_wconf 79' lang='lat' dir='ltr'>paulo</span> <span class='ocrx_word' id='word_1_29' title='bbox 1350 419 1436 446; x_wconf 81' lang='lat' dir='ltr'>ante</span> <span class='ocrx_word' id='word_1_30' title='bbox 1458 412 1586 447; x_wconf 81' lang='lat' dir='ltr'>eadem</span> 
     </span>
     <span class='ocr_line' id='line_1_5' title="bbox 229 458 1586 519; baseline -0.002 -11"><span class='ocrx_word' id='word_1_31' title='bbox 229 474 307 519; x_wconf 86' lang='lat' dir='ltr'>ipsa</span> <span class='ocrx_word' id='word_1_32' title='bbox 333 478 509 519; x_wconf 89' lang='lat' dir='ltr'>posuerat</span> <span class='ocrx_word' id='word_1_33' title='bbox 534 468 822 516; x_wconf 77' lang='lat' dir='ltr'>significatione,</span> <span class='ocrx_word' id='word_1_34' title='bbox 854 480 891 514; x_wconf 89' lang='lat' dir='ltr'>p.</span> <span class='ocrx_word' id='word_1_35' title='bbox 917 471 1016 514; x_wconf 88' lang='lat'><strong>1698.</strong></span> <span class='ocrx_word' id='word_1_36' title='bbox 1043 468 1065 508; x_wconf 83' lang='lat'>1.</span> <span class='ocrx_word' id='word_1_37' title='bbox 1088 476 1145 513; x_wconf 78' lang='lat'>48.</span> <span class='ocrx_word' id='word_1_38' title='bbox 1171 467 1219 502; x_wconf 91' lang='lat' dir='ltr'>de</span> <span class='ocrx_word' id='word_1_39' title='bbox 1244 458 1427 504; x_wconf 85' lang='lat' dir='ltr'>armorum</span> <span class='ocrx_word' id='word_1_40' title='bbox 1450 471 1586 506; x_wconf 88' lang='lat' dir='ltr'>iudicio</span> 
     </span>
     <span class='ocr_line' id='line_1_6' title="bbox 229 519 1589 580; baseline -0.001 -13"><span class='ocrx_word' id='word_1_41' title='bbox 229 534 328 567; x_wconf 87' lang='lat' dir='ltr'>inter</span> <span class='ocrx_word' id='word_1_42' title='bbox 339 533 490 565; x_wconf 87' lang='lat' dir='ltr'>Aiacem</span> <span class='ocrx_word' id='word_1_43' title='bbox 510 538 547 565; x_wconf 89' lang='lat' dir='ltr'>et</span> <span class='ocrx_word' id='word_1_44' title='bbox 556 528 747 580; x_wconf 69' lang='lat' dir='ltr'>Ulyssem,</span> <span class='ocrx_word' id='word_1_45' title='bbox 772 530 829 564; x_wconf 74' lang='grc' dir='ltr'>καὶ</span> <span class='ocrx_word' id='word_1_46' title='bbox 849 527 889 574; x_wconf 69' lang='grc' dir='ltr'>δή,</span> <span class='ocrx_word' id='word_1_47' title='bbox 906 519 1039 569; x_wconf 46' lang='lat' dir='ltr'>Kebros</span> <span class='ocrx_word' id='word_1_48' title='bbox 1057 526 1331 575; x_wconf 59' lang='grc' dir='ltr'>δὶασκευοέζει</span> <span class='ocrx_word' id='word_1_49' title='bbox 1359 533 1395 564; x_wconf 72' lang='grc' dir='ltr'>ἐν</span> <span class='ocrx_word' id='word_1_50' title='bbox 1410 535 1476 570; x_wconf 70' lang='grc' dir='ltr'>τοῖς</span> <span class='ocrx_word' id='word_1_51' title='bbox 1493 530 1589 565; x_wconf 67' lang='grc' dir='ltr'>αὐτοῦ</span> 
     </span>
     <span class='ocr_line' id='line_1_7' title="bbox 229 588 1588 638; baseline -0.001 -11"><span class='ocrx_word' id='word_1_52' title='bbox 229 589 287 638; x_wconf 65' lang='grc' dir='ltr'>τήν</span> <span class='ocrx_word' id='word_1_53' title='bbox 309 588 398 637; x_wconf 62' lang='lat' dir='ltr'>&amp;miv</span> <span class='ocrx_word' id='word_1_54' title='bbox 419 588 612 638; x_wconf 64' lang='grc' dir='ltr'>ῥητορικῶς,</span> <span class='ocrx_word' id='word_1_55' title='bbox 636 597 802 623; x_wconf 75' lang='lat' dir='ltr'>exornat</span> <span class='ocrx_word' id='word_1_56' title='bbox 824 588 1013 622; x_wconf 78' lang='lat' dir='ltr'>rhetorico</span> <span class='ocrx_word' id='word_1_57' title='bbox 1037 600 1154 624; x_wconf 86' lang='lat' dir='ltr'>more.</span> <span class='ocrx_word' id='word_1_58' title='bbox 1202 588 1311 623; x_wconf 85' lang='lat' dir='ltr'>Conf.</span> <span class='ocrx_word' id='word_1_59' title='bbox 1330 589 1479 625; x_wconf 85' lang='lat' dir='ltr'><strong>Ernesti</strong></span> <span class='ocrx_word' id='word_1_60' title='bbox 1498 589 1588 625; x_wconf 83' lang='lat' dir='ltr'>Lex.</span> 
     </span>
    </p>
   </div>
   <div class='ocr_carea' id='block_1_3' title="bbox 165 646 1583 697">
    <p class='ocr_par' dir='ltr' id='par_1_3' title="bbox 165 646 1583 697">
     <span class='ocr_line' id='line_1_8' title="bbox 165 646 1583 697; baseline -0.001 -10"><span class='ocrx_word' id='word_1_61' title='bbox 165 665 169 667; x_wconf 92' lang='lat'>·</span> <span class='ocrx_word' id='word_1_62' title='bbox 227 651 409 687; x_wconf 87' lang='lat' dir='ltr'>Technol.</span> <span class='ocrx_word' id='word_1_63' title='bbox 432 650 564 686; x_wconf 85' lang='lat' dir='ltr'>Graec.</span> <span class='ocrx_word' id='word_1_64' title='bbox 584 649 678 686; x_wconf 86' lang='lat' dir='ltr'>rhet.</span> <span class='ocrx_word' id='word_1_65' title='bbox 702 651 741 684; x_wconf 88' lang='lat' dir='ltr'>in</span> <span class='ocrx_word' id='word_1_66' title='bbox 760 661 840 685; x_wconf 80' lang='lat' dir='ltr'>voc·</span> <span class='ocrx_word' id='word_1_67' title='bbox 862 646 1045 696; x_wconf 64' lang='grc' dir='ltr'><em>Διασκευής</em></span> <span class='ocrx_word' id='word_1_68' title='bbox 1067 649 1135 685; x_wconf 80' lang='lat' dir='ltr'>sed</span> <span class='ocrx_word' id='word_1_69' title='bbox 1155 649 1401 697; x_wconf 83' lang='lat' dir='ltr'>negligentius</span> <span class='ocrx_word' id='word_1_70' title='bbox 1425 659 1583 686; x_wconf 84' lang='lat' dir='ltr'>tractato</span> 
     </span>
    </p>
   </div>
   <div class='ocr_carea' id='block_1_4' title="bbox 225 709 1586 1180">
    <p class='ocr_par' dir='ltr' id='par_1_4' title="bbox 225 709 1586 1180">
     <span class='ocr_line' id='line_1_9' title="bbox 227 709 1586 758; baseline -0.001 -11"><span class='ocrx_word' id='word_1_71' title='bbox 227 712 332 756; x_wconf 91' lang='lat' dir='ltr'>loco,</span> <span class='ocrx_word' id='word_1_72' title='bbox 357 723 467 758; x_wconf 85' lang='lat' dir='ltr'>quam</span> <span class='ocrx_word' id='word_1_73' title='bbox 489 712 530 744; x_wconf 91' lang='lat' dir='ltr'>in</span> <span class='ocrx_word' id='word_1_74' title='bbox 556 711 690 745; x_wconf 79' lang='lat' dir='ltr'>ceteris</span> <span class='ocrx_word' id='word_1_75' title='bbox 711 709 856 745; x_wconf 82' lang='lat' dir='ltr'>solebat</span> <span class='ocrx_word' id='word_1_76' title='bbox 873 711 928 745; x_wconf 85' lang='lat' dir='ltr'>vir</span> <span class='ocrx_word' id='word_1_77' title='bbox 948 709 1292 757; x_wconf 77' lang='lat' dir='ltr'>desideratissimus.</span> <span class='ocrx_word' id='word_1_78' title='bbox 1336 710 1414 745; x_wconf 87' lang='lat' dir='ltr'>lam</span> <span class='ocrx_word' id='word_1_79' title='bbox 1432 710 1586 746; x_wconf 82' lang='lat' dir='ltr'>tandem</span> 
     </span>
     <span class='ocr_line' id='line_1_10' title="bbox 226 758 1586 821; baseline -0.002 -12"><span class='ocrx_word' id='word_1_80' title='bbox 226 781 315 821; x_wconf 90' lang='lat' dir='ltr'>post</span> <span class='ocrx_word' id='word_1_81' title='bbox 332 772 450 808; x_wconf 88' lang='lat' dir='ltr'>editas</span> <span class='ocrx_word' id='word_1_82' title='bbox 472 770 648 807; x_wconf 84' lang='lat' dir='ltr'>lautiores</span> <span class='ocrx_word' id='word_1_83' title='bbox 665 773 790 819; x_wconf 83' lang='lat' dir='ltr'>copias</span> <span class='ocrx_word' id='word_1_84' title='bbox 807 771 941 810; x_wconf 77' lang='lat' dir='ltr'>veteris</span> <span class='ocrx_word' id='word_1_85' title='bbox 958 758 1150 810; x_wconf 78' lang='lat' dir='ltr'>doctrinae</span> <span class='ocrx_word' id='word_1_86' title='bbox 1170 783 1229 806; x_wconf 89' lang='lat' dir='ltr'>res</span> <span class='ocrx_word' id='word_1_87' title='bbox 1253 770 1374 808; x_wconf 91' lang='lat' dir='ltr'>adhuc</span> <span class='ocrx_word' id='word_1_88' title='bbox 1396 772 1586 819; x_wconf 83' lang='lat' dir='ltr'>incognita</span> 
     </span>
     <span class='ocr_line' id='line_1_11' title="bbox 228 829 1586 879; baseline -0.001 -11"><span class='ocrx_word' id='word_1_89' title='bbox 228 829 479 879; x_wconf 70' lang='lat' dir='ltr'>compffiiibus</span> <span class='ocrx_word' id='word_1_90' title='bbox 503 832 666 877; x_wconf 83' lang='lat' dir='ltr'>vestigiis</span> <span class='ocrx_word' id='word_1_91' title='bbox 690 840 747 866; x_wconf 80' lang='lat' dir='ltr'>est</span> <span class='ocrx_word' id='word_1_92' title='bbox 775 831 1005 877; x_wconf 84' lang='lat' dir='ltr'>deprehensa</span> <span class='ocrx_word' id='word_1_93' title='bbox 1027 832 1154 878; x_wconf 79' lang='lat' dir='ltr'>magis.</span> <span class='ocrx_word' id='word_1_94' title='bbox 1196 831 1246 868; x_wconf 84' lang='lat' dir='ltr'>Et</span> <span class='ocrx_word' id='word_1_95' title='bbox 1273 833 1433 878; x_wconf 85' lang='lat' dir='ltr'>primum</span> <span class='ocrx_word' id='word_1_96' title='bbox 1444 842 1478 866; x_wconf 53' lang='lat' dir='ltr'>*se</span> <span class='ocrx_word' id='word_1_97' title='bbox 1502 832 1586 868; x_wconf 91' lang='lat' dir='ltr'>cod.</span> 
     </span>
     <span class='ocr_line' id='line_1_12' title="bbox 225 880 1585 939; baseline -0.001 -11"><span class='ocrx_word' id='word_1_98' title='bbox 225 893 406 928; x_wconf 78' lang='lat' dir='ltr'>Leidensi</span> <span class='ocrx_word' id='word_1_99' title='bbox 429 890 612 927; x_wconf 80' lang='lat' dir='ltr'>scholium</span> <span class='ocrx_word' id='word_1_100' title='bbox 631 891 831 939; x_wconf 81' lang='lat' dir='ltr'>Porphyrii</span> <span class='ocrx_word' id='word_1_101' title='bbox 857 890 997 927; x_wconf 88' lang='lat' dir='ltr'>editum</span> <span class='ocrx_word' id='word_1_102' title='bbox 1020 903 1041 925; x_wconf 87' lang='lat' dir='ltr'>a</span> <span class='ocrx_word' id='word_1_103' title='bbox 1062 890 1309 928; x_wconf 75' lang='lat' dir='ltr'>Valckenario</span> <span class='ocrx_word' id='word_1_104' title='bbox 1333 880 1390 938; x_wconf 73' lang='lat' dir='ltr'>e&#39;st</span> <span class='ocrx_word' id='word_1_105' title='bbox 1404 918 1414 936; x_wconf 84' lang='lat'>,</span> <span class='ocrx_word' id='word_1_106' title='bbox 1447 893 1486 926; x_wconf 92' lang='lat' dir='ltr'>in</span> <span class='ocrx_word' id='word_1_107' title='bbox 1510 904 1585 939; x_wconf 87' lang='lat' dir='ltr'>quo</span> 
     </span>
     <span class='ocr_line' id='line_1_13' title="bbox 225 952 1584 999; baseline -0.001 -11"><span class='ocrx_word' id='word_1_108' title='bbox 225 954 330 989; x_wconf 85' lang='lat' dir='ltr'>locus</span> <span class='ocrx_word' id='word_1_109' title='bbox 356 952 481 999; x_wconf 85' lang='lat' dir='ltr'>Iliadis</span> <span class='ocrx_word' id='word_1_110' title='bbox 508 965 545 996; x_wconf 84' lang='grc' dir='ltr'>σ,</span> <span class='ocrx_word' id='word_1_111' title='bbox 578 954 756 996; x_wconf 82' lang='grc'><strong>356-368.</strong></span> <span class='ocrx_word' id='word_1_112' title='bbox 786 960 939 987; x_wconf 83' lang='lat' dir='ltr'>notatur</span> <span class='ocrx_word' id='word_1_113' title='bbox 970 953 1242 995; x_wconf 74' lang='grc' dir='ltr'><em>διεσκευασμένος</em></span> <span class='ocrx_word' id='word_1_114' title='bbox 1273 964 1373 986; x_wconf 83' lang='lat' dir='ltr'>esse:</span> <span class='ocrx_word' id='word_1_115' title='bbox 1413 964 1460 986; x_wconf 90' lang='lat' dir='ltr'>an</span> <span class='ocrx_word' id='word_1_116' title='bbox 1486 952 1584 987; x_wconf 89' lang='lat' dir='ltr'>forte</span> 
     </span>
     <span class='ocr_line' id='line_1_14' title="bbox 227 1002 1585 1060; baseline -0.002 -12"><span class='ocrx_word' id='word_1_117' title='bbox 227 1013 273 1048; x_wconf 91' lang='lat' dir='ltr'>ab</span> <span class='ocrx_word' id='word_1_118' title='bbox 295 1014 377 1060; x_wconf 90' lang='lat' dir='ltr'>ipso</span> <span class='ocrx_word' id='word_1_119' title='bbox 400 1016 515 1059; x_wconf 73' lang='lat' dir='ltr'>poeta</span> <span class='ocrx_word' id='word_1_120' title='bbox 539 1011 765 1047; x_wconf 89' lang='lat' dir='ltr'>rhetoricum</span> <span class='ocrx_word' id='word_1_121' title='bbox 784 1012 826 1046; x_wconf 88' lang='lat' dir='ltr'>in</span> <span class='ocrx_word' id='word_1_122' title='bbox 847 1011 999 1046; x_wconf 90' lang='lat' dir='ltr'>modum</span> <span class='ocrx_word' id='word_1_123' title='bbox 1021 1011 1289 1059; x_wconf 84' lang='lat' dir='ltr'>amplificatus?</span> <span class='ocrx_word' id='word_1_124' title='bbox 1310 1002 1355 1046; x_wconf 78' lang='lat' dir='ltr'>id³</span> <span class='ocrx_word' id='word_1_125' title='bbox 1370 1011 1472 1059; x_wconf 89' lang='lat' dir='ltr'>quod</span> <span class='ocrx_word' id='word_1_126' title='bbox 1489 1011 1585 1046; x_wconf 88' lang='lat' dir='ltr'><strong>ludi-</strong></span> 
     </span>
     <span class='ocr_line' id='line_1_15' title="bbox 226 1071 1583 1119; baseline -0.001 -10"><span class='ocrx_word' id='word_1_127' title='bbox 226 1086 326 1110; x_wconf 87' lang='lat' dir='ltr'>crum</span> <span class='ocrx_word' id='word_1_128' title='bbox 341 1073 438 1117; x_wconf 87' lang='lat' dir='ltr'>fore,</span> <span class='ocrx_word' id='word_1_129' title='bbox 456 1072 540 1113; x_wconf 63' lang='lat' dir='ltr'>,sole</span> <span class='ocrx_word' id='word_1_130' title='bbox 557 1081 614 1108; x_wconf 85' lang='lat' dir='ltr'>est</span> <span class='ocrx_word' id='word_1_131' title='bbox 633 1071 774 1108; x_wconf 87' lang='lat' dir='ltr'>clarius.</span> <span class='ocrx_word' id='word_1_132' title='bbox 823 1071 926 1119; x_wconf 86' lang='lat' dir='ltr'><strong>Quid</strong></span> <span class='ocrx_word' id='word_1_133' title='bbox 946 1072 1085 1109; x_wconf 82' lang='lat' dir='ltr'>multa?</span> <span class='ocrx_word' id='word_1_134' title='bbox 1106 1072 1185 1108; x_wconf 88' lang='lat' dir='ltr'>Lux</span> <span class='ocrx_word' id='word_1_135' title='bbox 1199 1072 1305 1109; x_wconf 89' lang='lat' dir='ltr'>allata</span> <span class='ocrx_word' id='word_1_136' title='bbox 1319 1085 1420 1108; x_wconf 85' lang='lat' dir='ltr'>nunc</span> <span class='ocrx_word' id='word_1_137' title='bbox 1437 1073 1583 1108; x_wconf 90' lang='lat' dir='ltr'>demum</span> 
     </span>
     <span class='ocr_line' id='line_1_16' title="bbox 226 1132 1582 1180; baseline -0.001 -11"><span class='ocrx_word' id='word_1_138' title='bbox 226 1143 283 1169; x_wconf 89' lang='lat' dir='ltr'>est</span> <span class='ocrx_word' id='word_1_139' title='bbox 307 1133 501 1170; x_wconf 84' lang='lat' dir='ltr'>venetiis:</span> <span class='ocrx_word' id='word_1_140' title='bbox 537 1132 640 1168; x_wconf 87' lang='lat' dir='ltr'>illinc</span> <span class='ocrx_word' id='word_1_141' title='bbox 664 1138 861 1180; x_wconf 69' lang='lat' dir='ltr'>protracta</span> <span class='ocrx_word' id='word_1_142' title='bbox 876 1132 1166 1180; x_wconf 85' lang='lat' dir='ltr'>locupletissima</span> <span class='ocrx_word' id='word_1_143' title='bbox 1200 1133 1339 1171; x_wconf 87' lang='lat' dir='ltr'>scholia</span> <span class='ocrx_word' id='word_1_144' title='bbox 1369 1134 1582 1169; x_wconf 81' lang='lat' dir='ltr'>memoriam</span> 
     </span>
    </p>
   </div>
   <div class='ocr_carea' id='block_1_5' title="bbox 168 1192 1584 1301">
    <p class='ocr_par' dir='ltr' id='par_1_5' title="bbox 168 1192 1584 1301">
     <span class='ocr_line' id='line_1_17' title="bbox 168 1192 1581 1242; baseline 0 -13"><span class='ocrx_word' id='word_1_145' title='bbox 168 1194 170 1197; x_wconf 82' lang='grc'><strong>’</strong></span> <span class='ocrx_word' id='word_1_146' title='bbox 222 1193 388 1242; x_wconf 69' lang='lat' dir='ltr'>pluribus</span> <span class='ocrx_word' id='word_1_147' title='bbox 404 1194 494 1228; x_wconf 90' lang='lat' dir='ltr'>locis</span> <span class='ocrx_word' id='word_1_148' title='bbox 512 1197 933 1238; x_wconf 72' lang='lat' dir='ltr'>repraesentant³eertae</span> <span class='ocrx_word' id='word_1_149' title='bbox 958 1194 1170 1230; x_wconf 70' lang='lat' dir='ltr'>Geminum</span> <span class='ocrx_word' id='word_1_150' title='bbox 1195 1192 1581 1236; x_wconf 58' lang='lat' dir='ltr'>&amp;maeoniusve-‚muti-</span> 
     </span>
     <span class='ocr_line' id='line_1_18' title="bbox 224 1250 1584 1301; baseline 0 -13"><span class='ocrx_word' id='word_1_151' title='bbox 224 1254 364 1301; x_wconf 87' lang='lat' dir='ltr'>quioris</span> <span class='ocrx_word' id='word_1_152' title='bbox 387 1250 537 1298; x_wconf 88' lang='lat' dir='ltr'>quidem</span> <span class='ocrx_word' id='word_1_153' title='bbox 557 1250 816 1284; x_wconf 84' lang='lat' dir='ltr'>Alexandrinis</span> <span class='ocrx_word' id='word_1_154' title='bbox 840 1253 1144 1294; x_wconf 72' lang='lat' dir='ltr'>recensionihm‚</span> <span class='ocrx_word' id='word_1_155' title='bbox 1171 1263 1209 1286; x_wconf 88' lang='lat' dir='ltr'>et</span> <span class='ocrx_word' id='word_1_156' title='bbox 1231 1255 1490 1293; x_wconf 66' lang='grc' dir='ltr'>διασκευαστῶν,</span> <span class='ocrx_word' id='word_1_157' title='bbox 1514 1264 1584 1298; x_wconf 87' lang='lat' dir='ltr'>per</span> 
     </span>
    </p>
   </div>
   <div class='ocr_carea' id='block_1_6' title="bbox 221 1309 1587 1905">
    <p class='ocr_par' dir='ltr' id='par_1_6' title="bbox 221 1309 1587 1905">
     <span class='ocr_line' id='line_1_19' title="bbox 225 1309 1584 1364; baseline -0.001 -14"><span class='ocrx_word' id='word_1_158' title='bbox 225 1327 319 1363; x_wconf 85' lang='lat' dir='ltr'>quos</span> <span class='ocrx_word' id='word_1_159' title='bbox 332 1309 671 1364; x_wconf 74' lang='lat' dir='ltr'>invectumaliquid</span> <span class='ocrx_word' id='word_1_160' title='bbox 688 1319 726 1347; x_wconf 90' lang='lat' dir='ltr'>et</span> <span class='ocrx_word' id='word_1_161' title='bbox 740 1311 973 1358; x_wconf 89' lang='lat' dir='ltr'>suppositum</span> <span class='ocrx_word' id='word_1_162' title='bbox 988 1310 1121 1354; x_wconf 82' lang='lat' dir='ltr'>fertur,</span> <span class='ocrx_word' id='word_1_163' title='bbox 1142 1310 1244 1359; x_wconf 90' lang='lat' dir='ltr'>quod</span> <span class='ocrx_word' id='word_1_164' title='bbox 1259 1321 1428 1349; x_wconf 89' lang='lat' dir='ltr'>notatum</span> <span class='ocrx_word' id='word_1_165' title='bbox 1444 1310 1584 1348; x_wconf 69' lang='lat' dir='ltr'>deinde</span> 
     </span>
     <span class='ocr_line' id='line_1_20' title="bbox 224 1371 1584 1420; baseline -0.001 -12"><span class='ocrx_word' id='word_1_166' title='bbox 224 1376 337 1420; x_wconf 84' lang='lat' dir='ltr'>signis</span> <span class='ocrx_word' id='word_1_167' title='bbox 352 1375 485 1412; x_wconf 72' lang='grc' dir='ltr'><strong><em>νοθείας</em></strong></span> <span class='ocrx_word' id='word_1_168' title='bbox 502 1372 703 1417; x_wconf 81' lang='lat' dir='ltr'>reiecerint</span> <span class='ocrx_word' id='word_1_169' title='bbox 721 1372 860 1406; x_wconf 90' lang='lat' dir='ltr'>Critici.</span> <span class='ocrx_word' id='word_1_170' title='bbox 901 1372 1028 1417; x_wconf 86' lang='lat' dir='ltr'>Atque</span> <span class='ocrx_word' id='word_1_171' title='bbox 1041 1371 1182 1406; x_wconf 81' lang='lat' dir='ltr'>mdicia</span> <span class='ocrx_word' id='word_1_172' title='bbox 1190 1373 1300 1407; x_wconf 85' lang='lat' dir='ltr'>huius</span> <span class='ocrx_word' id='word_1_173' title='bbox 1316 1374 1371 1406; x_wconf 90' lang='lat' dir='ltr'>rei</span> <span class='ocrx_word' id='word_1_174' title='bbox 1384 1385 1486 1407; x_wconf 88' lang='lat' dir='ltr'>nunc</span> <span class='ocrx_word' id='word_1_175' title='bbox 1502 1373 1584 1407; x_wconf 85' lang='lat' dir='ltr'>fere</span> 
     </span>
     <span class='ocr_line' id='line_1_21' title="bbox 226 1422 1583 1480; baseline -0.001 -11"><span class='ocrx_word' id='word_1_176' title='bbox 226 1434 272 1470; x_wconf 88' lang='lat' dir='ltr'>ad</span> <span class='ocrx_word' id='word_1_177' title='bbox 296 1423 449 1468; x_wconf 69' lang='lat' dir='ltr'>Iliadem</span> <span class='ocrx_word' id='word_1_178' title='bbox 473 1426 687 1480; x_wconf 75' lang='lat' dir='ltr'>pertinent.</span> <span class='ocrx_word' id='word_1_179' title='bbox 713 1443 757 1466; x_wconf 85' lang='lat' dir='ltr'>ex</span> <span class='ocrx_word' id='word_1_180' title='bbox 764 1422 906 1479; x_wconf 81' lang='lat' dir='ltr'>quibus</span> <span class='ocrx_word' id='word_1_181' title='bbox 923 1431 1068 1479; x_wconf 87' lang='lat' dir='ltr'>opinari</span> <span class='ocrx_word' id='word_1_182' title='bbox 1087 1429 1192 1475; x_wconf 61' lang='lat' dir='ltr'>licet,</span> <span class='ocrx_word' id='word_1_183' title='bbox 1217 1443 1327 1480; x_wconf 88' lang='lat' dir='ltr'>quam</span> <span class='ocrx_word' id='word_1_184' title='bbox 1347 1430 1463 1468; x_wconf 89' lang='lat' dir='ltr'>multo</span> <span class='ocrx_word' id='word_1_185' title='bbox 1485 1432 1583 1467; x_wconf 90' lang='lat' dir='ltr'>eius-</span> 
     </span>
     <span class='ocr_line' id='line_1_22' title="bbox 224 1484 1582 1547; baseline -0.001 -18"><span class='ocrx_word' id='word_1_186' title='bbox 224 1494 413 1529; x_wconf 86' lang='lat' dir='ltr'>demmodi</span> <span class='ocrx_word' id='word_1_187' title='bbox 427 1493 599 1528; x_wconf 84' lang='lat' dir='ltr'>habituri</span> <span class='ocrx_word' id='word_1_188' title='bbox 608 1484 799 1530; x_wconf 46' lang='lat' dir='ltr'>essem&amp;</span> <span class='ocrx_word' id='word_1_189' title='bbox 787 1503 834 1528; x_wconf 82' lang='lat' dir='ltr'>m·</span> <span class='ocrx_word' id='word_1_190' title='bbox 826 1492 1020 1547; x_wconf 54' lang='lat' dir='ltr'>Odyssea</span> <span class='ocrx_word' id='word_1_191' title='bbox 1024 1517 1040 1537; x_wconf 83' lang='grc'>,</span> <span class='ocrx_word' id='word_1_192' title='bbox 1056 1491 1151 1528; x_wconf 81' lang='lat' dir='ltr'>haec</span> <span class='ocrx_word' id='word_1_193' title='bbox 1163 1494 1195 1527; x_wconf 87' lang='lat' dir='ltr'>si</span> <span class='ocrx_word' id='word_1_194' title='bbox 1206 1495 1286 1539; x_wconf 86' lang='lat' dir='ltr'>pari</span> <span class='ocrx_word' id='word_1_195' title='bbox 1302 1493 1449 1528; x_wconf 86' lang='lat' dir='ltr'>fortuna</span> <span class='ocrx_word' id='word_1_196' title='bbox 1466 1506 1487 1528; x_wconf 84' lang='lat' dir='ltr'>a</span> <span class='ocrx_word' id='word_1_197' title='bbox 1501 1506 1582 1528; x_wconf 81' lang='lat' dir='ltr'>ser-</span> 
     </span>
     <span class='ocr_line' id='line_1_23' title="bbox 224 1530 1584 1605; baseline -0.002 -14"><span class='ocrx_word' id='word_1_198' title='bbox 224 1556 317 1605; x_wconf 61' lang='lat' dir='ltr'>vatis</span> <span class='ocrx_word' id='word_1_199' title='bbox 337 1551 536 1588; x_wconf 64' lang='lat' dir='ltr'>mfioribus</span> <span class='ocrx_word' id='word_1_200' title='bbox 554 1530 929 1588; x_wconf 47' lang='lat' dir='ltr'>veterum‘ffi‘otarum</span> <span class='ocrx_word' id='word_1_201' title='bbox 924 1531 1111 1599; x_wconf 35' lang='lat' dir='ltr'>‘reliquiis‘</span> <span class='ocrx_word' id='word_1_202' title='bbox 1105 1560 1282 1587; x_wconf 84' lang='lat' dir='ltr'>uteretur.</span> <span class='ocrx_word' id='word_1_203' title='bbox 1327 1552 1402 1587; x_wconf 89' lang='lat' dir='ltr'>Iam</span> <span class='ocrx_word' id='word_1_204' title='bbox 1416 1552 1494 1587; x_wconf 86' lang='lat' dir='ltr'>sola</span> <span class='ocrx_word' id='word_1_205' title='bbox 1507 1554 1584 1588; x_wconf 69' lang='lat' dir='ltr'>ista</span> 
     </span>
     <span class='ocr_line' id='line_1_24' title="bbox 222 1612 1580 1662; baseline -0.001 -10"><span class='ocrx_word' id='word_1_206' title='bbox 222 1617 310 1652; x_wconf 84' lang='lat' dir='ltr'>satis</span> <span class='ocrx_word' id='word_1_207' title='bbox 324 1614 454 1652; x_wconf 85' lang='lat' dir='ltr'><strong>habuit</strong></span> <span class='ocrx_word' id='word_1_208' title='bbox 465 1613 529 1650; x_wconf 87' lang='lat' dir='ltr'>Vir</span> <span class='ocrx_word' id='word_1_209' title='bbox 541 1613 774 1659; x_wconf 89' lang='lat' dir='ltr'>clarissimus,</span> <span class='ocrx_word' id='word_1_210' title='bbox 798 1614 862 1661; x_wconf 86' lang='lat' dir='ltr'>qui</span> <span class='ocrx_word' id='word_1_211' title='bbox 877 1614 992 1650; x_wconf 85' lang='lat' dir='ltr'>totius</span> <span class='ocrx_word' id='word_1_212' title='bbox 1002 1612 1225 1650; x_wconf 75' lang='lat' dir='ltr'>Homericae</span> <span class='ocrx_word' id='word_1_213' title='bbox 1242 1615 1469 1662; x_wconf 77' lang='lat' dir='ltr'>quaestionis</span> <span class='ocrx_word' id='word_1_214' title='bbox 1484 1623 1580 1650; x_wconf 77' lang='lat' dir='ltr'>tem·</span> 
     </span>
     <span class='ocr_line' id='line_1_25' title="bbox 221 1667 1579 1723; baseline -0.001 -12"><span class='ocrx_word' id='word_1_215' title='bbox 221 1675 373 1723; x_wconf 88' lang='lat' dir='ltr'>poribus</span> <span class='ocrx_word' id='word_1_216' title='bbox 390 1667 752 1710; x_wconf 26' lang='lat' dir='ltr'>nostrisssordien&#39;dae</span> <span class='ocrx_word' id='word_1_217' title='bbox 771 1676 944 1721; x_wconf 83' lang='lat' dir='ltr'>princeps</span> <span class='ocrx_word' id='word_1_218' title='bbox 968 1675 1055 1718; x_wconf 81' lang='lat' dir='ltr'>fuit,</span> <span class='ocrx_word' id='word_1_219' title='bbox 1090 1687 1134 1709; x_wconf 87' lang='lat' dir='ltr'>ex</span> <span class='ocrx_word' id='word_1_220' title='bbox 1158 1674 1290 1721; x_wconf 88' lang='lat' dir='ltr'>quibus</span> <span class='ocrx_word' id='word_1_221' title='bbox 1312 1675 1479 1718; x_wconf 90' lang='lat' dir='ltr'>doceret,</span> <span class='ocrx_word' id='word_1_222' title='bbox 1511 1677 1579 1710; x_wconf 78' lang='grc' dir='ltr'><em>διαι-</em></span> 
     </span>
     <span class='ocr_line' id='line_1_26' title="bbox 222 1724 1580 1787; baseline -0.001 -14"><span class='ocrx_word' id='word_1_223' title='bbox 222 1724 670 1787; x_wconf 57' lang='lat' dir='ltr'>ensvoeerig&#39;noniigiiotos</span> <span class='ocrx_word' id='word_1_224' title='bbox 693 1734 874 1783; x_wconf 71' lang='lat' dir='ltr'>quosdam</span> <span class='ocrx_word' id='word_1_225' title='bbox 896 1743 1065 1771; x_wconf 86' lang='lat' dir='ltr'>auctores</span> <span class='ocrx_word' id='word_1_226' title='bbox 1089 1735 1297 1770; x_wconf 80' lang='lat' dir='ltr'>criticarum</span> <span class='ocrx_word' id='word_1_227' title='bbox 1319 1736 1580 1771; x_wconf 87' lang='lat' dir='ltr'>recensionum</span> 
     </span>
     <span class='ocr_line' id='line_1_27' title="bbox 223 1793 1579 1843; baseline 0 -11"><span class='ocrx_word' id='word_1_228' title='bbox 223 1793 417 1832; x_wconf 88' lang='lat' dir='ltr'>habendos</span> <span class='ocrx_word' id='word_1_229' title='bbox 443 1807 541 1840; x_wconf 81' lang='lat' dir='ltr'>esse,</span> <span class='ocrx_word' id='word_1_230' title='bbox 573 1794 638 1842; x_wconf 82' lang='lat' dir='ltr'>(de</span> <span class='ocrx_word' id='word_1_231' title='bbox 666 1795 798 1843; x_wconf 56' lang='lat' dir='ltr'>quibus</span> <span class='ocrx_word' id='word_1_232' title='bbox 819 1795 994 1832; x_wconf 90' lang='lat' dir='ltr'>videlicet</span> <span class='ocrx_word' id='word_1_233' title='bbox 1011 1795 1087 1830; x_wconf 18' lang='lat' dir='ltr'>*alia</span> <span class='ocrx_word' id='word_1_234' title='bbox 1108 1795 1285 1831; x_wconf 85' lang='lat' dir='ltr'>vocabula</span> <span class='ocrx_word' id='word_1_235' title='bbox 1305 1805 1487 1843; x_wconf 87' lang='lat' dir='ltr'>perpetuo</span> <span class='ocrx_word' id='word_1_236' title='bbox 1506 1808 1579 1832; x_wconf 87' lang='lat' dir='ltr'>usu</span> 
     </span>
     <span class='ocr_line' id='line_1_28' title="bbox 223 1846 1587 1905; baseline -0.001 -11"><span class='ocrx_word' id='word_1_237' title='bbox 223 1864 376 1905; x_wconf 79' lang='lat' dir='ltr'>recepta</span> <span class='ocrx_word' id='word_1_238' title='bbox 392 1868 472 1891; x_wconf 87' lang='lat' dir='ltr'>esse</span> <span class='ocrx_word' id='word_1_239' title='bbox 488 1857 674 1903; x_wconf 85' lang='lat' dir='ltr'>constat,)</span> <span class='ocrx_word' id='word_1_240' title='bbox 692 1846 765 1893; x_wconf 64' lang='lat' dir='ltr'>sei}</span> <span class='ocrx_word' id='word_1_241' title='bbox 781 1856 1418 1904; x_wconf 68' lang='lat' dir='ltr'>exactores‘seti*politores‘primae</span> <span class='ocrx_word' id='word_1_242' title='bbox 1438 1869 1587 1905; x_wconf 59' lang='lat' dir='ltr'>operae</span> 
     </span>
    </p>
   </div>
   <div class='ocr_carea' id='block_1_7' title="bbox 221 1916 1645 1967">
    <p class='ocr_par' dir='ltr' id='par_1_7' title="bbox 221 1916 1645 1967">
     <span class='ocr_line' id='line_1_29' title="bbox 221 1916 1645 1967; baseline 0.001 -14"><span class='ocrx_word' id='word_1_243' title='bbox 221 1918 423 1962; x_wconf 75' lang='lat' dir='ltr'>Pisistrati,</span> <span class='ocrx_word' id='word_1_244' title='bbox 457 1917 629 1953; x_wconf 80' lang='lat' dir='ltr'>Carmina</span> <span class='ocrx_word' id='word_1_245' title='bbox 654 1916 859 1965; x_wconf 82' lang='lat' dir='ltr'>colligentis</span> <span class='ocrx_word' id='word_1_246' title='bbox 881 1929 925 1953; x_wconf 86' lang='lat' dir='ltr'>ac</span> <span class='ocrx_word' id='word_1_247' title='bbox 950 1916 1202 1967; x_wconf 78' lang='lat' dir='ltr'>disponentis,</span> <span class='ocrx_word' id='word_1_248' title='bbox 1234 1919 1299 1966; x_wconf 90' lang='lat' dir='ltr'>qui</span> <span class='ocrx_word' id='word_1_249' title='bbox 1322 1918 1380 1954; x_wconf 86' lang='lat' dir='ltr'>vel</span> <span class='ocrx_word' id='word_1_250' title='bbox 1398 1930 1470 1953; x_wconf 88' lang='lat' dir='ltr'>una</span> <span class='ocrx_word' id='word_1_251' title='bbox 1492 1930 1583 1954; x_wconf 77' lang='lat' dir='ltr'>cum,</span> <span class='ocrx_word' id='word_1_252' title='bbox 1640 1941 1645 1944; x_wconf 87' lang='lat'>-</span> 
     </span>
    </p>
   </div>
   <div class='ocr_carea' id='block_1_8' title="bbox 221 1971 1581 2029">
    <p class='ocr_par' dir='ltr' id='par_1_8' title="bbox 221 1971 1581 2029">
     <span class='ocr_line' id='line_1_30' title="bbox 221 1971 1581 2029; baseline -0.001 -14"><span class='ocrx_word' id='word_1_253' title='bbox 221 1978 413 2029; x_wconf 68' lang='lat' dir='ltr'>Pisistrato</span> <span class='ocrx_word' id='word_1_254' title='bbox 428 1977 487 2017; x_wconf 85' lang='lat' dir='ltr'>vel</span> <span class='ocrx_word' id='word_1_255' title='bbox 500 1978 612 2026; x_wconf 82' lang='lat' dir='ltr'>paulo</span> <span class='ocrx_word' id='word_1_256' title='bbox 635 1986 724 2026; x_wconf 85' lang='lat' dir='ltr'>post</span> <span class='ocrx_word' id='word_1_257' title='bbox 737 1974 978 2018; x_wconf 68' lang='lat' dir='ltr'>·ad‚eandem</span> <span class='ocrx_word' id='word_1_258' title='bbox 1001 1971 1157 2027; x_wconf 44' lang='lat' dir='ltr'>operam</span> <span class='ocrx_word' id='word_1_259' title='bbox 1176 1980 1339 2016; x_wconf 79' lang='lat' dir='ltr'>studium</span> <span class='ocrx_word' id='word_1_260' title='bbox 1361 1990 1403 2014; x_wconf 86' lang='lat' dir='ltr'>ac</span> <span class='ocrx_word' id='word_1_261' title='bbox 1425 1991 1581 2014; x_wconf 81' lang='lat' dir='ltr'>manum·</span> 
     </span>
    </p>
   </div>
  </div>
 </body>
</html>
