1783 2455
873 221 928 253 1'0'

217 327 404 364 aetatum,
430 329 583 366 quoque>
598 315 710 363 magis
728 309 980 350 difficillimum
998 313 1038 349 id
1059 314 1159 349 crisis
1176 326 1310 362 genus»,
1338 314 1386 350 de
1401 327 1478 363 quo
1492 316 1585 352 diei-

218 392 323 424 mus,
356 387 516 421 constat,
547 376 652 423 plu-ra
672 375 811 410 habere
839 375 886 410 ab
908 376 1065 411 historia
1086 376 1333 411 instrumenta
1362 385 1399 411 et
1418 377 1583 427 subsidia

221 439 374 484 relicta,
407 437 540 486 quibus
560 445 603 472 ut
625 435 690 471 illa
708 447 788 470 non
812 437 944 482 exiguo
975 434 1113 470 damno
1140 447 1212 470 suo
1237 444 1366 470 carent
1393 436 1516 471 studia
1541 429 1582 472 in

217 500 390 535 ¹Orientis.
408 498 628 544 antiquitate
643 505 821 543 occupata
831 522 841 540 ,
854 496 904 531 ita
919 494 1123 542 persimiles
1135 495 1209 534 hae
1220 507 1330 530 curae
1342 494 1582 543 profanarum

221 558 409 594 literarum
426 565 463 592 et
479 556 602 591 adhuc
616 555 806 604 praeclare
823 555 975 591 adiutae
985 554 1262 602 illustrataeque
1279 564 1384 600 sunt,
1400 564 1437 591 et
1453 556 1581 592 forsan

217 620 262 654 in
275 625 466 665 posterum
482 616 530 651 ad
546 618 703 651 maiores
719 617 831 651 etiam
845 627 1060 662 progressus
1077 613 1378 652 elaborabuntur.
1425 615 1511 661 Quo
1532 617 1580 652 de

217 689 375 724 genere,
402 689 453 712 ne
471 676 540 712 alia
558 688 862 721 commemorem,
884 673 1089 710 haurienda
1102 673 1211 710 facile
1234 687 1280 709 ex
1297 674 1376 711 aliis
1400 674 1578 723 fon-tibus,

221 735 298 771 duo
315 748 398 771 cnm
416 738 572 772 maxime
585 736 669 772 loca
686 738 882 783 attingam,
910 736 952 772 in
965 736 1169 771 vetustiore
1190 735 1344 771 historia
1358 735 1583 771 Homerico-

217 808 300 832 rum
318 807 476 843 operum
490 795 607 845 longe
619 797 831 844 gravissima
851 807 897 831 ac
907 806 1073 831 summae
1084 793 1199 830 hodie
1214 794 1438 831 celebritatis
1451 807 1465 841 ;
1483 807 1579 843 quae

218 856 391 904 quidem,
413 858 445 891 si
471 856 629 904 quando
649 856 696 891 ad
715 855 876 891 eundem
897 855 1068 900 modum,
1094 868 1170 903 quo
1189 856 1440 892 demonstrata
1459 855 1581 891 adhuc

216 917 427 951 summatim
467 925 505 955 et
541 917 670 963 primis
706 915 815 951 lineis
854 906 1069 952 adumbrata
1106 917 1313 963 accepimus
1327 941 1341 961 ,
1382 916 1578 951 enodatius

217 977 417 1023 aptiusque
439 976 489 1011 ad
516 977 734 1011 interiorem
756 977 930 1013 notitiam
952 977 1171 1023 pertractari
1193 976 1292 1013 forte
1316 975 1577 1024 explanarique

214 1044 414 1083 poterunt,
434 1035 595 1071 iucunda
610 1036 703 1072 haec
716 1049 801 1085 spes
816 1035 915 1087 haud
927 1034 1041 1072 fuerit
1055 1034 1249 1081 audacior,
1274 1044 1507 1080 eventurum,
1535 1045 1577 1073 ut

215 1096 380 1143 firmiore
402 1099 443 1131 in
459 1095 705 1133 fundamento
726 1096 767 1132 id
783 1109 899 1144 genus
920 1095 1035 1132 amita
1051 1096 1218 1133 nitantur
1232 1104 1352 1144 atque
1373 1098 1577 1133 consistere

209 1164 384 1204 queant,
415 1168 577 1203 quorum
605 1169 708 1191 nunc
728 1156 836 1191 valde
861 1155 1017 1191 molesta
1042 1155 1238 1192 fluctuatio
1262 1165 1299 1192 et
1325 1159 1577 1192 inconstantia

210 1227 342 1263 :neque
360 1218 403 1251 in
427 1229 471 1251 se
495 1218 582 1252 satis
604 1228 774 1263 magnam
794 1226 863 1263 pro
888 1215 1072 1263 dignitate
1091 1216 1147 1250 rei
1164 1215 1277 1252 habet
1292 1215 1507 1261 utilitatem,
1539 1226 1577 1253 et:

210 1275 304 1311 huic
317 1276 390 1320 ipsi
405 1276 532 1310 studio
548 1275 720 1309 nonnihil
734 1274 899 1308 invidiae
911 1274 1011 1319 apud
1029 1286 1093 1306 eos
1105 1273 1214 1315 Facit,
1234 1275 1368 1319 quibus
1381 1288 1430 1309 ne
1441 1277 1576 1321 proba-

212 1332 340 1369 bilitas
352 1323 535 1380 'quidem‚
558 1334 631 1367 nisi
651 1333 708 1368 via
724 1343 767 1367 ac
778 1333 924 1370 ratione
942 1332 1128 1379 quaesita,
1148 1330 1306 1367 ferenda
1325 1333 1366 1368 in
1380 1332 1496 1372 literis
1516 1337 1574 1374 vel

214 1394 305 1431 natis
326 1393 439 1440 digna
457 1392 646 1434 videatur.

304 1514 454 1562 Nempe
478 1514 672 1558 locorum,
695 1526 805 1566 ‘quae
839 1513 935 1559 dixi,
967 1526 1071 1558 unus
1090 1513 1137 1550 ad
1163 1514 1377 1562 rhapsodos
1397 1518 1571 1565 pertinet,

183 1601 185 1603 >
215 1573 309 1610 alter
326 1574 375 1609 ad
395 1574 671 1609 diasceuastas:
702 1583 740 1609 et
759 1583 923 1621 utroque
936 1574 1093 1609 maxime
1108 1577 1347 1611 continentur
1367 1576 1464 1612 duae
1479 1580 1572 1614 istae

212 1642 375 1679 aetates,
396 1633 530 1681 quibus
541 1636 582 1670 in
595 1634 691 1669 haee
699 1634 892 1678 Carmina,
908 1642 1107 1681 antequa-m
1120 1636 1273 1682 propius
1289 1635 1336 1671 ad
1350 1636 1573 1675 hodiernam

210 1693 372 1728 formam
389 1694 662 1729 accommodari
681 1695 889 1740 coeperint,
911 1693 1022 1741 plan-e
1036 1695 1109 1728 iam
1126 1697 1321 1739 convenit,
1343 1696 1517 1742 plurimas
1535 1708 1573 1735 et

211 1754 444 1801 gravissimas
461 1754 736 1789 immutationes
756 1754 1056 1801 variationesque
1073 1765 1154 1789 esse
1169 1753 1285 1789 illatas
1301 1767 1319 1800 ι,
1341 1767 1497 1802 quarum
1514 1758 1572 1804 ip-

208 1821 335 1850 sarum
358 1825 489 1849 omnes
506 1815 671 1849 rationes
690 1826 734 1849 ac
752 1813 888 1849 modos
908 1813 1024 1849 multo
1044 1814 1176 1849 clarius
1197 1813 1297 1849 haud
1322 1814 1436 1852 dubie
1452 1818 1571 1853 intro-

205 1875 377 1922 sspecturi
404 1885 584 1919 essemus,
621 1876 811 1922 magisque
841 1873 937 1909 adeo
966 1874 1144 1910 affirmate
1171 1874 1218 1909 de
1243 1887 1417 1922 germana
1443 1880 1570 1923 specie

208 1935 436 1972 Homericae
457 1936 583 1981 poesis
607 1936 868 1979 existimaturi,
900 1936 932 1970 si
948 1946 1019 1982 qua
1032 1932 1275 1982 rhapsodicae
1295 1937 1383 1970 artis
1398 1948 1471 1982 qua
1490 1937 1568 1977 dia-

210 1995 437 2033 scenasticae
455 1993 629 2031 licentiae
651 1995 834 2043 originem
850 2003 887 2031 et
900 2006 1137 2044 progressum
1159 2004 1196 2031 et
1209 1995 1403 2032 historiam
1416 2007 1567 2048 omnen)
