1783 2455
863 181 888 221 8

189 279 442 316 aestimandae
457 285 663 321 constaret,
683 289 726 312 ex
742 288 814 325 qua
831 277 891 313 vel
907 277 1122 325 disputandi
1138 279 1196 315 vel
1211 279 1400 316 refutandi
1416 282 1558 318 idonea

188 339 344 387 singulis
365 341 406 374 in
428 339 518 373 locis
537 345 737 384 praecepta
760 345 1036 384 repeterentur,
1061 351 1162 374 nunc
1180 339 1291 386 paulo
1310 341 1451 376 maiore
1471 333 1556 379 Eum

191 413 279 437 cura
312 399 502 449 expurgari
523 398 581 434 via
610 405 745 445 coepta
772 406 839 442 est,
868 399 978 443 inita,
1003 401 1168 447 quamvis
1194 399 1344 445 lubrica,
1372 400 1559 450 discepta-

190 464 296 497 tione
312 461 359 495 de
375 472 431 503 eo,
448 458 552 506 quod
568 459 753 504 integrum
771 457 871 504 apud
886 458 1091 494 Homerum
1110 460 1182 495 diei
1196 460 1401 508 haberique
1416 471 1555 507 posset,

192 531 252 566 et,
288 522 318 556 si
342 519 432 568 quid
454 520 639 565 integrum
662 516 715 552 ibi
739 526 851 563 esset,
890 520 945 554 uti
968 528 1023 555 est
1046 532 1137 555 sane
1158 519 1271 568 longe
1292 519 1449 568 plurima
1470 533 1557 569 pars

192 583 422 625 Carminum,
454 578 645 628 quomodo
666 578 822 626 intelligi
842 579 1073 627 iudicarique
1094 582 1316 628 integritatis
1335 581 1467 616 modus
1491 581 1559 616 de-

190 643 298 678 beret
313 668 322 686 ,
361 653 411 676 ne
433 642 530 676 sicut
555 652 598 674 ex
611 638 713 676 Varii
737 649 774 675 et
797 639 944 675 Tuccae
967 640 1290 677 emendationibus
1314 641 1556 690 archetypum

190 703 401 752 Virgilium,
420 703 472 738 ita
487 701 603 737 lituris
621 709 659 737 et
672 700 830 737 verubus
846 700 1180 738 Grammaticorum
1191 704 1402 739 restitutum
1414 702 1558 738 Home-

191 777 271 801 rum
286 773 398 811 atque
413 765 452 797 in
468 771 589 797 totum
604 761 675 797 sibi
690 761 879 797 redditum
895 763 1035 797 habere
1054 775 1095 798 se
1110 775 1222 810 posse
1242 764 1375 810 aliquis
1393 765 1557 798 somnia-

190 834 260 862 ret.
293 824 509 872 Itaqueiam
527 821 696 857 subtilius
715 821 929 857 carminum
944 823 1096 858 fortuna
1116 831 1153 858 et
1168 823 1322 859 historia
1339 824 1554 868 examinata,

189 887 357 933 indeque
374 886 459 920 artis
478 885 644 927 criticae,
667 884 707 918 in
723 883 890 918 Homero
905 883 1165 928 collocandae,
1191 883 1328 920 finibus
1350 885 1555 920 accuratius

191 946 405 992 descriptis,
435 956 504 992 pro
526 951 627 978 certo
646 951 824 977 statutum
840 952 909 987 est,
936 955 1085 978 omnem
1105 945 1259 979 omnino
1277 944 1458 978 sermonis
1474 943 1558 977 Ho-

187 1006 318 1042 merici
334 1004 640 1047 emendationem
663 1005 923 1052 rationemque
940 1003 1071 1040 saltem
1088 1004 1321 1051 Carminun}
1323 1002 1556 1045 edendorum
1591 1005 1595 1015 ”

190 1079 211 1101 a
222 1066 396 1101 doctrina
418 1074 455 1100 et
475 1065 551 1099 fide
565 1066 983 1111 praestantissimorum,
1011 1076 1104 1112 quos
1130 1065 1218 1100 olim
1232 1050 1456 1099 Alexandria
1474 1064 1564 1099 fere

188 1127 330 1172 habuit,
343 1125 676 1162 Grammaticorum
690 1124 828 1160 debere
847 1124 1000 1173 quidem
1016 1138 1096 1161 esse
1111 1130 1337 1173 suspensam,
1354 1126 1406 1161 ita
1417 1134 1556 1170 tamen,

189 1197 248 1233 ut,
274 1194 454 1235 quantum
471 1197 600 1220 eorum
615 1196 857 1230 consensum,
887 1193 1057 1221 servatae
1078 1197 1121 1220 ex
1137 1187 1281 1230 ingenti
1295 1187 1434 1219 iactura
1447 1193 1557 1220 nota-

191 1258 273 1282 rum
297 1245 479 1291 reliquiae
509 1252 714 1285 testantur,
751 1247 782 1277 is
808 1245 891 1276 sine
920 1242 1034 1277 dubio
1065 1254 1133 1289 pro
1159 1244 1381 1280 auctoritate
1406 1256 1449 1279 ac
1472 1243 1556 1292 lege

189 1307 368 1342 historica
382 1301 597 1350 sequendus
616 1303 686 1346 sit;
714 1310 843 1336 contra
858 1301 923 1336 ubi
940 1302 1127 1337 dissensus
1144 1303 1297 1339 diversis
1313 1305 1555 1351 opinionibus

191 1366 251 1404 vel
271 1364 481 1413 praeceptis
500 1362 767 1408 nosmetipsos
790 1363 901 1397 etiam
923 1361 1085 1398 diversas
1110 1364 1150 1397 in
1170 1372 1293 1410 partes
1312 1373 1437 1409 vocat,
1460 1365 1556 1400 hanc

190 1426 397 1469 materiam,
426 1424 567 1471 quippe
586 1423 628 1457 in
648 1421 759 1457 rebus
782 1422 1049 1467 controversis,
1078 1431 1209 1459 nostro
1231 1424 1397 1470 ipsorum
1414 1424 1553 1460 iudicio

191 1480 412 1529 subiectam,
429 1484 660 1536 rationisque
674 1491 884 1527 momento,
906 1490 949 1518 ac
962 1495 1042 1518 non
1059 1483 1228 1527 arbitrio,
1247 1496 1331 1520 esse
1340 1485 1555 1533 ponderan-

195 1548 280 1584 dam
291 1545 494 1584 videamus.
517 1543 660 1588 Idcirco
675 1542 875 1591 permulta,
900 1555 997 1591 quae
1008 1543 1127 1592 proba
1141 1553 1179 1580 et
1192 1545 1335 1580 sincera
1350 1553 1388 1581 et
1403 1548 1555 1594 antiqua

194 1609 314 1657 gravis
336 1605 652 1642 consentientium
671 1615 743 1640 vox
766 1605 902 1651 arguit,
927 1605 982 1651 (et
1002 1606 1064 1640 isti
1086 1604 1289 1653 loquuntur
1300 1618 1482 1654 persaepe
1507 1620 1554 1642 eo

197 1670 343 1711 clarius,
360 1679 435 1715 (suo
449 1666 675 1713 pertinacius
689 1665 856 1711 taceam)
877 1666 917 1699 in
934 1667 1066 1700 ceteris
1081 1664 1208 1709 rebus,
1226 1677 1322 1712 quae
1338 1675 1402 1701 aut
1414 1666 1555 1704 habent

197 1729 469 1775 dubitationem
482 1735 545 1761 aut
560 1718 775 1768 admittunt,
799 1724 937 1771 aliqua,
954 1737 1026 1760 nec
1041 1724 1317 1762 contemnenda
1332 1725 1414 1774 lege
1429 1727 1555 1762 analo-

194 1791 278 1839 giae
293 1781 464 1824 minuent
484 1785 711 1822 desiderium
723 1786 952 1823 auctoritatis
969 1794 1104 1824 certae.

283 1913 336 1947 At
356 1919 448 1947 vero
469 1917 544 1945 tam
566 1910 746 1945 immensa
770 1908 1063 1954 dubitationum,
1095 1909 1141 1944 ab
1164 1909 1234 1945 illis
1257 1909 1347 1956 ipsis
1368 1908 1556 1956 veteribus

199 1970 403 2017 allatarum,
441 1982 564 2018 seges,
599 1977 660 2007 tot
684 1971 851 2007 certatim
880 1970 1098 2017 propositae
1130 1967 1313 2018 ἀθετήσεις
1343 1958 1389 2007 et'
1411 1967 1556 2016 οἰπορίοει,
