1783 2455
879 181 905 218 9

218 271 383 319 denique
400 280 502 307 tanta
518 272 557 306 in
573 279 647 306 tam
664 268 787 303 multis
802 267 893 308 locis
912 267 1107 303 dubitandi
1125 270 1182 304 vel
1200 272 1392 307 reiiciendi
1409 273 1569 320 licentia,

217 343 329 378 quem
345 344 422 365 nou
436 338 610 367 moveant
628 336 865 375 reputantem
884 340 1026 370 secum,
1050 328 1182 374 quibus
1206 331 1267 364 isti
1286 333 1420 375 causis,
1445 345 1568 380 quove

214 391 343 442 habitu
355 391 564 436 literaturae
572 389 795 424 Homericae
811 386 860 422 ad
871 386 944 422 hoc
959 396 1081 423 totum
1094 387 1194 443 crisis
1211 390 1438 428 exercendae
1452 405 1570 440 genus

210 453 363 486 invitari
390 461 501 498 atqu-e
525 450 621 485 adeo
644 447 818 494 compelli
839 449 1056 494 potuerint?
1086 455 1197 495 quem
1216 451 1477 486 animosiorem
1492 465 1570 489 non

216 513 375 547 excitent
387 509 555 545 similiter
568 510 636 544 ista
651 509 787 552 omnia,
804 516 844 542 ut
854 520 920 542 suo
935 519 1055 555 aequo
1071 510 1152 543 iure
1165 521 1305 557 suaque
1322 512 1569 547 ratiocinandi

213 571 273 607 vel
303 570 494 606 divinandi
521 571 655 617 peritia
684 568 857 605 barbatos
886 568 1061 604 doctores
1085 569 1305 614 aemuletur,
1336 580 1375 606 et
1396 584 1492 619 quae
1517 572 1569 606 illi

212 632 386 667 audacius
399 630 637 678 plerumque,
660 641 703 664 ac
716 641 828 677 saepe
845 637 941 665 vano
956 630 1072 664 abusu
1085 633 1310 678 sagacitatis,
1326 631 1393 666 sed
1407 634 1568 680 permoti

211 702 337 728 tamen
364 690 476 726 multa
503 690 680 726 librorum
706 702 857 726 suorum
882 690 1152 738 discrepantia,
1175 691 1410 737 molirentur,
1435 693 1568 729 eadem

211 753 403 801 aliquanto
421 753 616 798 cogitatius
639 763 682 786 ac
696 751 900 787 modestius
919 761 1059 796 tentet,
1086 761 1124 787 et
1134 754 1376 788 coniecturae
1390 753 1568 800 probabi·

209 812 354 847 litatem
377 820 442 846 aut
464 812 699 846 severitatem
720 812 1050 859 argumentationis
1073 820 1250 859 sequatur
1266 813 1306 847 in
1327 814 1372 847 iis
1393 813 1566 848 omnibus

168 901 187 920 :a
208 873 331 916 rebus,
349 874 389 907 in
404 872 537 920 quibus
552 873 671 907 serior
684 872 896 907 Gai-minum
909 873 1127 911 instauratio
1141 874 1338 921 variaeque
1351 875 1565 914 mutationis

137 976 141 985 Ι
167 919 182 929 γ
208 933 360 983 fortuna
375 944 397 966 a
410 934 565 979 pristina
579 932 700 967 forma
721 944 764 967 ac
778 934 976 968 veterrimo
996 932 1125 967 habitu
1141 933 1290 967 differre
1300 934 1503 972 videatur?

299 1053 406 1089 Licet
419 1002 563 1100 sanlet
574 1054 719 1099 licebit,
734 1054 908 1101 quamdiu
925 1055 1078 1090 omnino
1097 1054 1236 1101 aliquid
1250 1053 1393 1098 licebit,
1406 1057 1565 1103 'experiri

208 1116 249 1150 in
275 1114 345 1150 hac
371 1127 523 1163 quoque
543 1123 650 1163 parte
673 1114 881 1163 studiorum
910 1123 1122 1150 nostrorum
1145 1115 1471 1161 coniecturalem,
1483 1128 1563 1152 non

208 1174 342 1220 aleam,
366 1175 433 1210 sed
448 1184 564 1210 artem
579 1177 725 1211 ratione
740 1177 973 1210 coniunctam
983 1201 992 1218 ‚
1012 1187 1123 1221 quam
1140 1187 1190 1209 ne
1200 1174 1373 1222 Theolog
1352 1177 1385 1210 σί
1396 1175 1562 1223 quidem,

206 1235 260 1279 (at
283 1244 423 1280 quanto
447 1233 633 1278 graviores
654 1230 707 1265 illi
734 1240 772 1266 et
790 1234 995 1265 sanctiores
1015 1234 1167 1277 paganis
1184 1234 1426 1279 Philoiogis!)
1449 1235 1564 1281 idque

206 1296 246 1328 in
264 1295 373 1334 sacris
389 1292 505 1327 literis
523 1300 560 1327 et
575 1286 676 1327 nulio
690 1300 895 1338 praeeunte
907 1291 1425 1341 Aristarcho‚‚s,repudian‹lam
1442 1295 1565 1328 existi-

206 1362 327 1396 mant,
342 1338 444 1400 *quin
472 1354 511 1387 in
541 1352 749 1399 praecipuis
781 1349 997 1398 disciplinae
1025 1351 1116 1385 suae
1140 1353 1377 1388 incrementis
1401 1363 1563 1399 ponunt,

206 1425 331 1460 neque
347 1412 436 1447 ideo
451 1422 591 1448 temere
605 1410 906 1468 perhorrescunt,
931 1411 1033 1458 quod
1048 1411 1169 1447 multis
1188 1411 1236 1446 de
1249 1413 1367 1446 causis
1384 1424 1465 1447 eam
1478 1415 1561 1449 sine

208 1473 322 1508 dubio
335 1472 610 1520 impeditiorem
625 1471 735 1517 etiam
746 1472 1074 1525 augustioremque
1089 1471 1245 1516 habent,
1259 1472 1562 1522 quamPhilologi

207 1533 412 1568 habemus'
402 1545 442 1567 m
457 1533 622 1580 profanis
635 1531 881 1568 Carminibus.
915 1532 1058 1578 Quare,
1076 1533 1109 1566 si
1122 1531 1285 1580 aequalis
1296 1544 1435 1580 operae
1449 1546 1562 1581 expe-

207 1596 401 1630 rimentum
416 1595 455 1629 in
471 1594 725 1629 vetustissimis
740 1594 991 1629 monumentis
1003 1592 1236 1628 'Graecorum
1251 1592 1332 1637 fiat,
1347 1606 1392 1629 ac
1402 1596 1560 1642 :vestigia

207 1653 430 1702 indagentur
442 1653 584 1689 illarum
603 1666 742 1697 terum,
766 1654 806 1688 in
827 1654 960 1701 quibus
976 1662 1132 1701 propter
1147 1653 1378 1689 manifestam
1392 1663 1561 1693 veterum

208 1705 430 1760 οἷνιστορήσίοςν
451 1725 530 1747 non
551 1712 656 1748 claris
678 1714 921 1755 testimoniis,
948 1725 1020 1748 nec
1040 1712 1121 1747 'uno
1132 1712 1191 1749 vel
1212 1712 1331 1749 altero
1348 1716 1437 1750 satis
1452 1725 1559 1752 certo

209 1783 360 1810 auctore
382 1781 519 1817 statur,
551 1772 617 1808 sed
641 1772 802 1822 quadam
824 1785 909 1808 cum
931 1775 1092 1818 versutia
1108 1774 1263 1825 ingenii
1278 1774 1559 1812 verisimilitudo

210 1843 265 1870 est
281 1832 459 1869 elicienda
474 1845 543 1880 pro
558 1836 716 1870 veritate
726 1848 738 1870 t
759 1843 866 1870 tanto
881 1835 1001 1869 minus
1015 1834 1088 1869 hoc
1103 1834 1151 1870 ad
1167 1831 1294 1875 nescio
1309 1847 1419 1883 quam
1430 1836 1561 1872 novel-

207 1895 266 1930 lae
289 1894 464 1929 audaciae
490 1896 739 1941 suspicionem
759 1895 977 1941 trahit-ecte
999 1894 1110 1938 licet,
1139 1904 1282 1942 quanto
1310 1897 1492 1931 vetustior
1513 1908 1561 1932 ea

209 1964 308 1992 certe
326 1963 383 1994 est
399 1952 566 2000 audacia,
589 1957 660 1992 etsi
671 1967 757 1992 mox
772 1954 868 1991 male
886 1955 1020 1992 obruta
1034 1956 1299 2003 superstitione
1312 1957 1563 2003 posteriorum

1343 2021 1366 2047 2
