1783 2455
857 215 907 246 12

200 308 414 351 mansisset,
430 306 582 342 tandem
598 317 657 340 res
673 313 776 339 eruta
791 316 834 338 ex
848 304 1032 348 tenebris,
1055 305 1190 352 quibus
1208 305 1328 340 adhuc
1344 305 1464 343 obsita
1480 308 1560 353 fuit,
1599 339 1604 348 .

200 367 311 403 simul
326 377 438 415 atque
451 369 490 402 in
501 367 619 401 lucem
631 365 851 413 prodiisset,
868 377 946 402 non
959 364 1078 406 solum
1093 365 1238 401 selectis
1254 366 1437 402 iudicibus
1452 370 1564 404 unice

204 437 240 462 et
254 429 493 463 vehementer
508 438 550 460 se
569 425 805 473 approbavit,
827 425 894 460 sed
910 427 982 460 iam
996 425 1092 461 adeo
1110 429 1149 461 in
1163 422 1396 461 communem
1412 437 1564 463 senten-

201 490 337 523 tiarum
357 486 483 522 orbem
505 494 655 532 recepta
674 495 747 529 est,
778 495 819 521 ut
837 498 967 533 parum
993 485 1106 529 absit,
1132 488 1222 533 quin
1238 486 1459 522 Homericos
1486 489 1565 523 dia-

202 556 385 582 sceuastas
401 555 554 591 crepent
576 558 736 580 »omnes
753 558 773 580 a
787 545 897 580 furno
914 545 1113 580 redeuntes
1128 546 1332 593 lacuque«,
1354 555 1392 581 et
1408 547 1564 593 quilibet

202 607 322 643 bellus
337 615 499 653 nugator
513 605 612 642 ultro
628 607 799 654 citroque
814 607 1035 654 importunis
1050 605 1266 642 rumusculis
1283 615 1400 642 vexet.
1443 606 1564 643 Nimi-

200 680 280 702 rum
292 680 351 703 res
364 670 416 703 ita
430 681 471 702 se
485 667 610 703 habet.
656 668 758 703 Ante
772 666 997 715 praeclaram
1013 679 1164 715 operam
1173 667 1390 712 Villoisoni,
1414 667 1563 703 Scholia

200 728 347 764 Veneta
371 727 595 775 evulgantis,
615 726 767 763 normisi
784 733 861 763 uno
880 727 965 763 loco
982 730 1021 762 in
1040 729 1157 775 copiis
1174 728 1295 764 adhuc
1307 731 1458 776 paratis,
1481 741 1567 764 cum⁴

199 790 382 825 Eustathii
410 798 489 825 tum
516 798 724 825 ceterorum
748 787 972 824 scholiorum
989 816 999 833 ‚
1032 797 1226 837 supererat
1252 781 1471 825 vocabulum
1495 790 1561 825 δια-

200 848 400 896 σκευαστῆς,
417 851 581 896 positum
594 849 703 894 illud,
723 849 837 894 idque
856 850 979 884 obiter
1000 862 1042 883 ac
1059 849 1180 891 nude,
1202 850 1243 883 in
1255 849 1375 884 Schol.
1394 849 1494 884 brev.
1514 850 1561 884 ad

201 911 340 958 Odyss.
356 914 389 953 λ,
405 918 481 956 583.
495 910 623 946 στεῦτο·
638 931 683 938 -
704 915 871 957 κέχρηται
885 912 920 945 δὲ
939 910 982 958 τῇ
995 912 1087 954 λέξει
1107 909 1122 945 ὅ
1141 906 1424 956 διασκευαστή
1435 924 1449 950 ς
1469 908 1561 956 rapo?

196 969 257 1016 τήν
278 973 339 1006 τοῦ·
363 972 500 1016 ποιητοῦ
519 968 719 1016 συνήθειανε
745 969 912 1016 indeque
928 971 1067 1016 pariter
1080 970 1125 1004 ab
1137 970 1330 1005 Eustathio
1355 982 1437 1016 pag.
1457 981 1561 1015 1701.

194 1029 259 1066 lin.
275 1040 332 1075 25.
350 1030 408 1066 ed.
420 1025 528 1066 R'om.
546 1027 583 1066 ro*
599 1032 634 1065 δὲ
647 1029 782 1071 στεῦτο,
804 1029 879 1065 σι’ντὶ
902 1030 962 1065 τοῦ
981 1031 1114 1072 ἵστατο,
1127 1035 1358 1078 χρησαμένου,
1381 1031 1483 1076 Φασὶ,
1504 1030 1562 1066 τοῦ

195 1094 229 1127 δι
242 1089 516 1127 ασκὲυοιστοῧ
532 1092 576 1139 τῇ
589 1094 682 1134 λέξει
700 1088 791 1137 πικροὶ
809 1088 867 1136 τήν
882 1088 1063 1136 συνήθειαν
1076 1091 1136 1126 τοῦ
1147 1092 1290 1138 ποιητοῢ.
1318 1091 1433 1137 Quod
1448 1104 1560 1139 quum

194 1154 236 1189 in
259 1160 364 1189 tanta
392 1151 598 1188 solitudine
621 1163 734 1186 nemo
757 1150 837 1186 fere
864 1150 1203 1196 animadvertisset,
1238 1161 1276 1188 et
1301 1163 1382 1186 cum
1405 1151 1559 1187 Budaeo

195 1214 446 1261 neglexissent
461 1213 673 1260 Stephanus
698 1221 735 1247 et
748 1212 914 1255 Scottus,
940 1213 1106 1257 itemque
1127 1214 1168 1247 in
1189 1213 1382 1247 excellenti
1403 1212 1560 1259 quadam

198 1273 246 1307 ad
274 1273 509 1307 Athenaeum
541 1272 806 1303 observatione
836 1270 981 1303 Isaacus
1011 1269 1264 1304 Casaubonus*
1282 1273 1557 1317 praeteriisset:

193 1334 299 1369 venit
312 1340 543 1378 postremum
558 1328 679 1364 bonus
696 1328 879 1374 Mericus,
910 1329 1026 1364 Isaaci
1041 1328 1135 1365 filius
1148 1357 1157 1374 ,
1182 1332 1249 1381 ‚qui
1266 1331 1419 1379 quidem
1436 1342 1559 1379 pater-

195 1403 268 1427 nae
282 1391 476 1428 doctrinae
491 1388 549 1422 vel
566 1390 761 1421 immemor
775 1388 858 1422 vel
847 1400 1015 1434 ignarus,
1044 1390 1112 1423 sed
1127 1386 1324 1424 incidens'
1313 1404 1353 1425 m
1371 1392 1483 1427 verba
1496 1393 1559 1427 illa

194 1449 426 1487 Scholiastae
446 1457 484 1484 et
498 1447 698 1493 Eustathii,
724 1447 864 1483 hancce
884 1447 975 1484 dixit
995 1450 1218 1501 sententiam
1238 1451 1278 1486 in
1293 1446 1488 1488 Dissertit.
1509 1452 1557 1488 de

194 1512 351 1555 Homeri
368 1509 548 1544 Editione
568 1508 762 1557 Haclqana
787 1521 825 1557 p.
841 1512 918 1554 167.
938 1518 1036 1556 post
1033 1508 1087 1559 13.
1096 1510 1262 1546 Casaub.
1276 1512 1462 1559 Epistolas
1482 1527 1556 1550 cur.

192 1560 374 1608 Almelov.
425 1569 546 1605 »Non
570 1568 661 1604 alius
684 1567 783 1604 hic‘
767 1582 783 1604 ο
799 1564 1063 1617 διασ-’κευοεστὴξ;
1091 1560 1200 1619 quain
1217 1580 1331 1620 poeta
1352 1574 1458 1621 ipse3
1491 1575 1557 1622 qui

196 1635 283 1680 quia
299 1633 436 1679 σχῆμα,
460 1631 562 1678 quod
576 1640 728 1673 vocant,
752 1628 1023 1667 διασκευαστικὸν
1039 1632 1101 1667 hic
1115 1632 1287 1677 adhibet,
1314 1643 1351 1669 et
1371 1647 1417 1669 eo
1434 1634 1554 1680 valde,

194 1702 236 1730 ut
251 1692 427 1727 observat
448 1691 534 1726 alibi
550 1691 780 1736 Eustathius,
811 1691 1032 1737 delectatur,
1056 1691 1145 1726 ideo
1162 1692 1235 1726 hoc
1251 1695 1405 1728 nomine
1420 1695 1481 1729 hic
1498 1696 1556 1730 in.

192 1753 363 1800 signitur.
375 1765 397 1784 «
432 1751 539 1797 Quae
558 1763 665 1798 quarn
682 1751 773 1787 falsa
787 1753 835 1788 sit
852 1753 1064 1788 coniectura
1076 1779 1085 1797 ,
1113 1761 1151 1788 et
1164 1751 1259 1789 vidit
1272 1752 1488 1799 Barnesius,
1517 1765 1569 1792 et,

191 1816 274 1861 ipse
288 1812 484 1860 oppositus
496 1812 536 1846 in
550 1811 691 1847 scholio
710 1810 947 1859 διασκευκστής
963 1822 1111 1861 poetae,
1128 1813 1307 1859 Homero,
1324 1816 1554 1863 apertissime

195 1875 447 1910 demonstrat.
474 1882 517 1909 ut
540 1873 757 1909 mirandum·
771 1873 836 1918 sit,
865 1874 1000 1910 Merici
1021 1863 1096 1910 Roc
1111 1877 1313 1920 somnium,
1345 1888 1366 1911 a
1382 1876 1552 1913 Fabricio

195 1934 283 1971 olim
298 1942 503 1982 arreptum,
528 1935 569 1969 in
589 1943 769 1977 renovata
791 1936 869 1970 eius
882 1934 1112 1971 Bibliotheca
1130 1936 1196 1972 Gr.
1211 1936 1400 1984 hodieque
1414 1949 1553 1984 propa-

194 1996 368 2046 gari-sine
382 1994 457 2032 uua
472 1985 792 2040 animadversione
803 1997 992 2045 potuisse:
1009 1996 1090 2034 vid.
1105 1995 1188 2037 Vol.
1204 1997 1230 2034 1.
1249 2010 1286 2045 p.
1303 2008 1381 2044 393.
1419 1997 1551 2045 Quan-
